@inproceedings{abarbanel2002a,
  author = {Abarbanel, H.D.I. and Huerta, R. and Rabinovich, M.I.},
  date = {2002},
  title = {Dynamical model of long-term synaptic plasticity},
  language = {en},
  booktitle = {Proceedings of the National Academy of Sciences 99:10132–10137}
}
@article{abarbanel2001a,
  author = {Abarbanel, H.D.I. and Rabinovich, M.I.},
  date = {2001},
  title = {Neurodynamics: nonlinear dynamics and neurobiology},
  volume = {11},
  pages = {423–430},
  language = {en},
  journal = {Current Opinion in Neurobiology}
}
@article{abbaspourazad2021a,
  author = {Abbaspourazad, H. and Choudhury, M. and Wong, Y.T. and Pesaran, B. and Shanechi, M.M.},
  date = {2021},
  title = {Multiscale low-dimensional motor cortical state dynamics predict naturalistic reach-and-grasp behavior},
  volume = {12},
  language = {it},
  journal = {Nat Commun},
  number = {607}
}
@article{alamia2020a,
  author = {Alamia, Andrea},
  title = {Comparing Feedforward and Recurrent Neural Network Architectures with Human Behavior in Artificial Grammar Learning},
  volume = {10},
  date = {2020-12},
  pages = {22172},
  url = {https://doi.org/10.1038/s41598-020-79127-y},
  doi = {10.1038/s41598-020-79127-y},
  language = {en},
  journal = {Scientific Reports},
  number = {1}
}
@incollection{azzalini2019a,
  author = {Azzalini, D. and Rebollo, I. and Tallon-Baudry, C.},
  date = {2019},
  title = {Visceral Signals Shape Brain Dynamics and Cognition},
  language = {en},
  booktitle = {Trends in Cognitive Sciences 23:488–509}
}
@article{baez-santiago2016a,
  author = {Baez-Santiago, M.A. and Reid, E.E. and Moran, A. and Maier, J.X. and Marrero-Garcia, Y. and Katz, D.B.},
  date = {2016},
  title = {Dynamic taste responses of parabrachial pontine neurons in awake rats},
  volume = {115},
  pages = {1314–1323},
  language = {en},
  journal = {Journal of Neurophysiology}
}
@article{bazzari2019a,
  author = {Bazzari, A.H. and Parri, H.R.},
  date = {2019},
  title = {Neuromodulators and Long-Term Synaptic Plasticity in Learning and Memory: A Steered-Glutamatergic Perspective},
  volume = {9},
  language = {en},
  journal = {Brain Sci},
  number = {300}
}
@article{brincat2006a,
  author = {Brincat, S.L. and Connor, C.E.},
  date = {2006},
  title = {Dynamic Shape Synthesis in Posterior Inferotemporal Cortex},
  volume = {49},
  pages = {17–24},
  language = {es},
  journal = {Neuron}
}
@article{brincat2018a,
  author = {Brincat, S.L. and Siegel, M. and von, Nicolai C. and Miller, E.K.},
  date = {2018},
  title = {Gradual progression from sensory to task-related processing in cerebral cortex},
  volume = {115:E7202–E7211},
  language = {en},
  journal = {PNAS}
}
@article{candia-rivera2022a,
  author = {Candia-Rivera, D. and Catrambone, V. and Thayer, J.F. and Gentili, C. and Valenza, G.},
  date = {2022},
  title = {Cardiac sympathetic-vagal activity initiates a functional brain–body response to emotional arousal},
  volume = {119:e2119599119},
  language = {en},
  journal = {Proc Natl Acad Sci USA}
}
@article{carleton2010a,
  author = {Carleton, A. and Accolla, R. and Simon, S.A.},
  date = {2010},
  title = {Coding in the mammalian gustatory system},
  volume = {33},
  pages = {326–334},
  language = {en},
  journal = {Trends in Neurosciences}
}
@article{cash2006a,
  author = {Cash, D. and Adger, W.N. and Berkes, F. and Garden, P. and Lebel, L. and Olsson, P. and Pritchard, L. and Young, O.},
  date = {2006},
  title = {Scale and Cross-Scale Dynamics: Governance and Information in a Multilevel World},
  volume = {11},
  note = {Available at:},
  url = {https://www.ecologyandsociety.org/vol11/iss2/art8/},
  language = {en},
  journal = {Ecology and Society}
}
@misc{critchley2015a,
  author = {Critchley, H. and Garfinkel, S.},
  date = {2015},
  title = {Interactions between visceral afferent signaling and stimulus processing},
  note = {Frontiers in Neuroscience 9 Available at:},
  url = {https://www.frontiersin.org/articles/10.3389/fnins.2015.00286},
  language = {en}
}
@article{critchley1996a,
  author = {Critchley, H.D. and Rolls, E.T.},
  date = {1996},
  title = {Hunger and satiety modify the responses of olfactory and visual neurons in the primate orbitofrontal cortex},
  volume = {75},
  pages = {1673–1686},
  language = {it},
  journal = {Journal of Neurophysiology}
}
@book{deperrois2020a,
  author = {Deperrois, N. and Graupner, M.},
  date = {2020},
  title = {Short-term depression and long-term plasticity together tune sensitive range of synaptic plasticity},
  publisher = {PLoS Comput Biol 16:e1008265},
  language = {en}
}
@article{engel2013a,
  author = {Engel, A.K. and Gerloff, C. and Hilgetag, C.C. and Nolte, G.},
  date = {2013},
  title = {Intrinsic Coupling Modes: Multiscale Interactions in Ongoing Brain Activity},
  volume = {80},
  pages = {867–886},
  language = {en},
  journal = {Neuron}
}
@article{fontanini2009a,
  author = {Fontanini, A. and Grossman, S.E. and Figueroa, J.A. and Katz, D.B.},
  date = {2009},
  title = {Distinct Subtypes of Basolateral Amygdala Taste Neurons Reflect Palatability and Reward},
  volume = {29},
  pages = {2486–2495},
  language = {en},
  journal = {J Neurosci}
}
@article{frentz2015a,
  author = {Frentz, Z. and Kuehn, S. and Leibler, S.},
  date = {2015},
  title = {Strongly Deterministic Population Dynamics in Closed Microbial Communities},
  volume = {5},
  language = {fr},
  journal = {Phys Rev X},
  number = {041014}
}
@article{garcia1993a,
  author = {Garcia, J.B.C. and Gomes, M.A.F. and Jyh, T.I. and Ren, T.I. and Sales, T.R.M.},
  date = {1993},
  title = {Nonlinear dynamics of the cellular-automaton ``game of Life’’},
  volume = {48},
  pages = {3345–3351},
  language = {en},
  journal = {Phys Rev E}
}
@article{graumann2022a,
  author = {Graumann, M. and Ciuffi, C. and Dwivedi, K. and Roig, G. and Cichy, R.M.},
  date = {2022},
  title = {The spatiotemporal neural dynamics of object location representations in the human brain},
  volume = {6},
  pages = {796–811},
  language = {en},
  journal = {Nat Hum Behav}
}
@book{gross1992a,
  author = {Gross, C.G. and Schonen, S. and Bruce, V. and Cowey, A. and Ellis, A.W. and Perrett, D.I.},
  date = {1992},
  title = {Representation of visual stimuli in inferior temporal cortex},
  publisher = {Philosophical Transactions of the Royal Society of London Series B: Biological Sciences 335:3–10},
  language = {en}
}
@article{grossman2008a,
  author = {Grossman, S.E. and Fontanini, A. and Wieskopf, J.S. and Katz, D.B.},
  date = {2008},
  title = {Learning-Related Plasticity of Temporal Coding in Simultaneously Recorded Amygdala–Cortical Ensembles},
  volume = {28},
  pages = {2864–2873},
  language = {en},
  journal = {J Neurosci}
}
@misc{guo2015a,
  author = {Guo, J.-Z. and Graves, A.R. and Guo, W.W. and Zheng, J. and Lee, A. and Rodríguez-González, J. and Li, N. and Macklin, J.J. and Phillips, J.W. and Mensh, B.D. and Branson, K. and Hantman, A.W.},
  date = {2015},
  title = {Cortex commands the performance of skilled movement Hausser M},
  editor = {ed.},
  pages = {4 10774},
  language = {fr}
}
@article{guo2014a,
  author = {Guo, Z.V. and Li, N. and Huber, D. and Ophir, E. and Gutnisky, D. and Ting, J.T. and Feng, G. and Svoboda, K.},
  date = {2014},
  title = {Flow of Cortical Activity Underlying a Tactile Decision in Mice},
  volume = {81},
  pages = {179–194},
  language = {en},
  journal = {Neuron}
}
@misc{hart2020a,
  author = {Hart, E. and Huk, A.C.},
  date = {2020},
  title = {Recurrent circuit dynamics underlie persistent activity in the macaque frontoparietal network Salinas E},
  editor = {Behrens, T.E. and Salinas, E. and Compte, A.},
  pages = {9 52460},
  language = {en}
}
@article{hasselmo1989a,
  author = {Hasselmo, M.E. and Rolls, E.T. and Baylis, G.C.},
  date = {1989},
  title = {The role of expression and identity in the face-selective responses of neurons in the temporal visual cortex of the monkey},
  volume = {32},
  pages = {203–218},
  language = {en},
  journal = {Behavioural Brain Research}
}
@article{heidari-gorji2021a,
  author = {Heidari-Gorji, H. and Ebrahimpour, R. and Zabbah, S.},
  date = {2021},
  title = {A temporal hierarchical feedforward model explains both the time and the accuracy of object recognition},
  volume = {11},
  language = {en},
  journal = {Sci Rep},
  number = {5640}
}
@article{hekstra2012a,
  author = {Hekstra, D.R. and Leibler, S.},
  date = {2012},
  title = {Contingency and Statistical Laws in Replicate Microbial Closed Ecosystems},
  volume = {149},
  pages = {1164–1173},
  language = {en},
  journal = {Cell}
}
@article{jezzini2013a,
  author = {Jezzini, A. and Mazzucato, L. and Camera, G.L. and Fontanini, A.},
  date = {2013},
  title = {Processing of Hedonic and Chemosensory Features of Taste in Medial Prefrontal and Insular Networks},
  volume = {33},
  pages = {18966–18978},
  language = {it},
  journal = {J Neurosci}
}
@article{jonas2017a,
  author = {Jonas, E. and Kording, K.P.},
  date = {2017},
  title = {Could a Neuroscientist Understand a Microprocessor?},
  volume = {13:e1005268},
  language = {en},
  journal = {PLOS Computational Biology}
}
@article{kaplan2020a,
  author = {Kaplan, H.S. and Salazar Thula, O. and Khoss, N. and Zimmer, M.},
  date = {2020},
  title = {Nested Neuronal Dynamics Orchestrate a Behavioral Hierarchy across Timescales},
  volume = {105},
  pages = {562–576},
  language = {it},
  journal = {Neuron}
}
@article{katz2001a,
  author = {Katz, D.B. and Simon, S.A. and Nicolelis, M.A.L.},
  date = {2001},
  title = {Dynamic and Multimodal Responses of Gustatory Cortical Neurons in Awake Rats},
  volume = {21},
  pages = {4478–4489},
  language = {it},
  journal = {J Neurosci}
}
@inproceedings{kietzmann2019a,
  author = {Kietzmann, T.C. and Spoerer, C.J. and Sörensen, L.K.A. and Cichy, R.M. and Hauk, O. and Kriegeskorte, N.},
  date = {2019},
  title = {Recurrence is required to capture the representational dynamics of the human visual system},
  volume = {116},
  pages = {21854–21863},
  language = {en},
  booktitle = {Proceedings of the National Academy of Sciences}
}
@article{kotekal2020a,
  author = {Kotekal, S. and MacLean, J.N.},
  date = {2020},
  title = {Recurrent interactions can explain the variance in single trial responses},
  volume = {16:e1007591},
  language = {en},
  journal = {PLOS Computational Biology}
}
@inproceedings{leong2016a,
  author = {Leong, A.T.L. and Chan, R.W. and Gao, P.P. and Chan, Y.-S. and Tsia, K.K. and Yung, W.-H. and Wu, E.X.},
  date = {2016},
  title = {Long-range projections coordinate distributed brain-wide neural activity with a specific spatiotemporal profile},
  language = {en},
  booktitle = {Proceedings of the National Academy of Sciences 113:E8306–E8315}
}
@article{li2013a,
  author = {Li, J.X. and Yoshida, T. and Monk, K.J. and Katz, D.B.},
  date = {2013},
  title = {Lateral Hypothalamus Contains Two Types of Palatability-Related Taste Responses with Distinct Dynamics},
  volume = {33},
  pages = {9462–9473},
  language = {en},
  journal = {J Neurosci}
}
@misc{lin2021a,
  author = {Lin, J.-Y. and Mukherjee, N. and Bernstein, M.J. and Katz, D.B.},
  date = {2021},
  title = {Perturbation of amygdala-cortical projections reduces ensemble coherence of palatability coding in gustatory cortex Schoenbaum G},
  editor = {Wassum, K.M.},
  pages = {10 65766},
  language = {en}
}
@book{ly2016a,
  author = {Ly, J.Q.M. and Gaggioni, G. and Chellappa, S.L. and Papachilleos, S. and Brzozowski, A. and Borsu, C. and Rosanova, M. and Sarasso, S. and Middleton, B. and Luxen, A. and Archer, S.N. and Phillips, C. and Dijk, D.-J. and Maquet, P. and Massimini, M. and Vandewalle, G.},
  date = {2016},
  title = {Circadian regulation of human cortical excitability},
  publisher = {Nat Commun 7:11828},
  language = {en}
}
@article{mante2013a,
  author = {Mante, V. and Sussillo, D. and Shenoy, K.V. and Newsome, W.T.},
  date = {2013},
  title = {Context-dependent computation by recurrent dynamics in prefrontal cortex},
  volume = {503},
  pages = {78–84},
  language = {fr},
  journal = {Nature}
}
@article{mark1988a,
  author = {Mark, G.P. and Scott, T.R. and Tony Chang, F.-C. and Grill, H.J.},
  date = {1988},
  title = {Taste responses in the nucleus tractus solitarius of the chronic decerebrate rat},
  volume = {443},
  pages = {137–148},
  language = {en},
  journal = {Brain Research}
}
@book{markowitz2018a,
  author = {Markowitz, J.E. and Gillis, W.F. and Beron, C.C. and Neufeld, S.Q. and Robertson, K. and Bhagat, N.D. and Peterson, R.E. and Peterson, E. and Hyun, M. and Linderman, S.W. and Sabatini, B.L. and Datta, SR},
  date = {2018},
  title = {The Striatum Organizes 3D Behavior via Moment-to-Moment Action Selection},
  publisher = {Cell 174:44-58.e17},
  language = {en}
}
@misc{matsumoto2022a,
  author = {Matsumoto, N. and Taguchi, Y. and Shimizu, M. and Katakami, S. and Okada, M. and Sugase-Miyamoto, Y.},
  date = {2022},
  title = {Recurrent Connections Might Be Important for Hierarchical Categorization},
  note = {Frontiers in Systems Neuroscience 16 Available at:},
  url = {https://www.frontiersin.org/articles/10.3389/fnsys.2022.805990},
  language = {en}
}
@article{mediano2022a,
  author = {Mediano, P.A.M. and Rosas, F.E. and Farah, J.C. and Shanahan, M. and Bor, D. and Barrett, A.B.},
  date = {2022},
  title = {Integrated information as a common signature of dynamical and information-processing complexity},
  volume = {32},
  language = {en},
  journal = {Chaos},
  number = {013115}
}
@misc{mukherjee2019a,
  author = {Mukherjee, N. and Wachutka, J. and Katz, D.B.},
  date = {2019},
  title = {Impact of precisely-timed inhibition of gustatory cortex on taste behavior depends on single-trial ensemble dynamics Colgin LL},
  editor = {Maffei, A. and Maffei, A. and Ghazanfar, A.A. and Verhagen, J. and Mazzucato, L.},
  pages = {8 45968},
  language = {en}
}
@article{odonnell2011a,
  author = {O’Donnell, C. and Nolan, M.F. and van, Rossum M.C.W.},
  date = {2011},
  title = {Dendritic Spine Dynamics Regulate the Long-Term Stability of Synaptic Plasticity},
  volume = {31},
  pages = {16142–16156},
  language = {en},
  journal = {J Neurosci}
}
@article{paul2020a,
  author = {Paul, JR, Davis and JA, Goode and LK, Becker and BK, Fusilier and A, Meador-Woodruff and A, Gamble and K.L.},
  date = {2020},
  title = {Circadian regulation of membrane physiology in neural oscillators throughout the brain},
  volume = {51},
  pages = {109–138},
  language = {en},
  journal = {European Journal of Neuroscience}
}
@article{rastogi2020a,
  author = {Rastogi, A.},
  date = {2020},
  title = {Neural Representation of Observed, Imagined, and Attempted Grasping Force in Motor Cortex of Individuals with Chronic Tetraplegia},
  volume = {10},
  pages = {1–16},
  language = {en},
  journal = {Scientific Reports}
}
@inproceedings{raut2020a,
  author = {Raut, R.V. and Snyder, A.Z. and Raichle, M.E.},
  date = {2020},
  title = {Hierarchical dynamics as a macroscopic organizing principle of the human brain},
  volume = {117},
  pages = {20890–20897},
  language = {en},
  booktitle = {Proceedings of the National Academy of Sciences}
}
@misc{ribeiro2021a,
  author = {Ribeiro, T.L. and Chialvo, D.R. and Plenz, D.},
  date = {2021},
  title = {Scale-Free Dynamics in Animal Groups and Brain Networks},
  note = {Frontiers in Systems Neuroscience 14 Available at:},
  url = {https://www.frontiersin.org/articles/10.3389/fnsys.2020.591210},
  language = {en}
}
@misc{rigotti2010a,
  author = {Rigotti, M. and Ben Dayan Rubin, D.D. and Wang, X.-J. and Fusi, S.},
  date = {2010},
  title = {Internal Representation of Task Rules by Recurrent Dynamics: The Importance of the Diversity of Neural Responses},
  note = {Front Comput Neurosci 4 Available at:},
  url = {https://www.frontiersin.org/articles/10.3389/fncom.2010.00024/full},
  language = {en}
}
@article{rolls1995a,
  author = {Rolls, E.T. and Tovee, M.J.},
  date = {1995},
  title = {Sparseness of the neuronal representation of stimuli in the primate temporal visual cortex},
  volume = {73},
  pages = {713–726},
  language = {it},
  journal = {Journal of Neurophysiology}
}
@article{sadacca2016a,
  author = {Sadacca, B.F. and Mukherjee, N. and Vladusich, T. and Li, J.X. and Katz, D.B. and Miller, P.},
  date = {2016},
  title = {The Behavioral Relevance of Cortical Neural Ensemble Responses Emerges Suddenly},
  volume = {36},
  pages = {655–669},
  language = {es},
  journal = {J Neurosci}
}
@article{samek2016a,
  author = {Samek, W. and Blythe, D.A.J. and Curio, G. and Müller, K.-R. and Blankertz, B. and Nikulin, VV},
  date = {2016},
  title = {Multiscale temporal neural dynamics predict performance in a complex sensorimotor task},
  volume = {141},
  pages = {291–303},
  language = {pt},
  journal = {NeuroImage}
}
@misc{saravani2019a,
  author = {Saravani, A.G. and Forseth, K.J. and Tandon, N. and Pitkow, X.},
  date = {2019},
  title = {Dynamic Brain Interactions during Picture Naming},
  note = {eNeuro 6 Available at:},
  url = {https://www.eneuro.org/content/6/4/ENEURO.0472-18.2019},
  language = {en}
}
@inproceedings{singer2021a,
  author = {Singer, W.},
  date = {2021},
  title = {Recurrent dynamics in the cerebral cortex: Integration of sensory evidence with stored knowledge},
  language = {en},
  booktitle = {Proceedings of the National Academy of Sciences 118:e2101043118}
}
@article{sugase1999a,
  author = {Sugase, Y. and Yamane, S. and Ueno, S. and Kawano, K.},
  date = {1999},
  title = {Global and fine information coded by single neurons in the temporal visual cortex},
  volume = {400},
  pages = {869–873},
  language = {en},
  journal = {Nature}
}
@misc{tao2009a,
  author = {Tao, W.-K. and Moncrieff, M.W.},
  date = {2009},
  title = {Multiscale cloud system modeling},
  note = {Reviews of Geophysics 47 Available at:},
  url = {https://onlinelibrary.wiley.com/doi/abs/10.1029/2008RG000276},
  language = {en}
}
@misc{tomasi2017a,
  author = {Tomasi, D.G. and Shokri-Kojori, E. and Volkow, N.D.},
  date = {2017},
  title = {Brain Network Dynamics Adhere to a Power Law},
  note = {Frontiers in Neuroscience 11 Available at:},
  url = {https://www.frontiersin.org/articles/10.3389/fnins.2017.00072},
  language = {en}
}
@article{tononi2016a,
  author = {Tononi, G. and Boly, M. and Massimini, M. and Koch, C.},
  date = {2016},
  title = {Integrated information theory: from consciousness to its physical substrate},
  volume = {17},
  pages = {450–461},
  language = {en},
  journal = {Nature Reviews Neuroscience}
}
@article{bergen2020a,
  author = {Bergen, R.S. and Kriegeskorte, N.},
  date = {2020},
  title = {Going in circles is the way forward: the role of recurrence in visual inference},
  volume = {65},
  pages = {176–193},
  language = {en},
  journal = {Current Opinion in Neurobiology}
}
@article{vincis2020a,
  author = {Vincis, R. and Chen, K. and Czarnecki, L. and Chen, J. and Fontanini, A.},
  date = {2020},
  title = {Dynamic Representation of Taste-Related Decisions in the Gustatory Insular Cortex of Mice},
  volume = {30},
  pages = {1834–1844},
  language = {en},
  journal = {Current Biology}
}
@article{yamamoto1989a,
  author = {Yamamoto, T. and Matsuo, R. and Kiyomitsu, Y. and Kitamura, R.},
  date = {1989},
  title = {Taste responses of cortical neurons in freely ingesting rats},
  volume = {61},
  pages = {1244–1258},
  language = {en},
  journal = {Journal of Neurophysiology}
}
@article{yasumatsu2008a,
  author = {Yasumatsu, N. and Matsuzaki, M. and Miyazaki, T. and Noguchi, J. and Kasai, H.},
  date = {2008},
  title = {Principles of Long-Term Dynamics of Dendritic Spines},
  volume = {28},
  pages = {13592–13608},
  language = {it},
  journal = {J Neurosci}
}
@article{yaxley1988a,
  author = {Yaxley, S. and Rolls, E.T. and Sienkiewicz, Z.J.},
  date = {1988},
  title = {The responsiveness of neurons in the insular gustatory cortex of the macaque monkey is independent of hunger},
  volume = {42},
  pages = {223–229},
  language = {en},
  journal = {Physiology & Behavior}
}
