@article{adamantidis2015a,
  citation-number = {1},
  author = {Adamantidis, A. and Arber, S. and Bains, J.S. and Bamberg, E. and Bonci, A. and Buzsáki, G. and Cardin, J.A. and Costa, R.M. and Dan, Y. and Goda, Y.},
  title = {Optogenetics: 10 years after ChR2 in neurons—views from the community, Nat},
  volume = {18},
  date = {2015},
  pages = {1202–1212},
  note = {PubMed] [Google Scholar},
  language = {en},
  journal = {Neurosci},
  number = {9}
}
@article{balthazart2020a,
  citation-number = {2},
  author = {Balthazart, J.},
  title = {How technical progress reshaped behavioral neuroendocrinology during the last 50 years... and some methodological remarks},
  volume = {118},
  date = {2020},
  pages = {104682},

  language = {en},
  journal = {Horm. Behav}
}
@article{biselli2019a,
  citation-number = {3},
  author = {Biselli, T. and Lange, S.S. and Sablottny, L. and Steffen, J. and Walther, A.},
  title = {Optogenetic and chemogenetic insights into the neurocircuitry of depression-like behaviour: A systematic review},
  date = {2019},
  note = {PubMed] [Google Scholar},
  language = {en},
  journal = {Eur. J. Neurosci}
}
@article{janak2015a,
  citation-number = {4},
  author = {Janak, P.H. and Tye, K.M.},
  title = {From circuits to behaviour in the amygdala},
  volume = {517},
  date = {2015},
  pages = {284–292},

  language = {en},
  journal = {Nature},
  number = {7534}
}
@article{tye2012a,
  citation-number = {5},
  author = {Tye, K.M. and Deisseroth, K.},
  title = {Optogenetic investigation of neural circuits underlying brain disease in animal models},
  volume = {13},
  date = {2012},
  pages = {251–266},

  language = {en},
  journal = {Nature Reviews Neuroscience},
  number = {4}
}
@article{chen2011a,
  citation-number = {6},
  author = {Chen, X. and Gabitto, M. and Peng, Y. and Ryba, N.J. and Zuker, C.S.},
  title = {A gustotopic map of taste qualities in the mammalian brain},
  volume = {333},
  date = {2011},
  pages = {1262–1266},

  language = {en},
  journal = {Science},
  number = {6047}
}
@misc{hubel1995a,
  citation-number = {7},
  author = {Hubel, D.H.},
  title = {Eye, brain, and vision},
  publisher = {Scientific American Library/Scientific American Books},
  date = {1995},
  note = {Google Scholar},
  language = {en}
}
@article{lavi2018a,
  citation-number = {8},
  author = {Lavi, K. and Jacobson, G.A. and Rosenblum, K. and Luthi, A.},
  title = {Encoding of Conditioned Taste Aversion in Cortico-Amygdala Circuits},
  volume = {24},
  date = {2018},
  pages = {278–283},
  note = {PubMed] [Google Scholar},
  language = {en},
  journal = {Cell Rep},
  number = {2}
}
@misc{mazurek2014a,
  citation-number = {9},
  author = {Mazurek, M. and Kager, M. and Hooser, S.D.},
  title = {Robust quantification of orientation selectivity and direction selectivity, Frontiers in neural circuits 8},
  date = {2014},
  pages = {92},

  language = {fr}
}
@article{steinmetz2019a,
  citation-number = {10},
  author = {Steinmetz, N.A. and Zatka-Haas, P. and Carandini, M. and Harris, K.D.},
  title = {Distributed coding of choice, action and engagement across the mouse brain},
  volume = {576},
  date = {2019},
  pages = {266–273},

  language = {en},
  journal = {Nature},
  number = {7786}
}
@article{wang2018a,
  citation-number = {11},
  author = {Wang, L. and Gillis-Smith, S. and Peng, Y. and Zhang, J. and Chen, X. and Salzman, C.D. and Ryba, N.J. and Zuker, C.S.},
  title = {The coding of valence and identity in the mammalian taste system},
  volume = {558},
  date = {2018},
  pages = {127},

  language = {en},
  journal = {Nature},
  number = {7708}
}
@article{banerjee2020a,
  citation-number = {12*},
  author = {Banerjee, A. and Parente, G. and Teutsch, J. and Lewis, C. and Voigt, F.F. and Helmchen, F.},
  title = {Value-guided remapping of sensory cortex by lateral orbitofrontal cortex},
  date = {2020},
  pages = {1–6},
  note = {PubMed] [Google Scholar},
  language = {pt},
  journal = {Nature}
}
@article{barsy2020a,
  citation-number = {13},
  author = {Barsy, B. and Kocsis, K. and Magyar, A. and Babiczky, Á. and Szabó, M. and Veres, J.M. and Hillier, D. and Ulbert, I. and Yizhar, O. and Mátyás, F.},
  title = {Associative and plastic thalamic signaling to the lateral amygdala controls fear behavior, Nat},
  volume = {23},
  date = {2020},
  pages = {625–637},
  note = {PubMed] [Google Scholar},
  language = {pt},
  journal = {Neurosci},
  number = {5}
}
@article{ross2018a,
  citation-number = {14*},
  author = {Ross, J.M. and Fletcher, M.L.},
  title = {Learning-dependent and-independent enhancement of mitral/tufted cell glomerular odor responses following olfactory fear conditioning in awake mice},
  volume = {38},
  date = {2018},
  pages = {4623–4640},

  language = {en},
  journal = {J. Neurosci},
  number = {20}
}
@article{mm2017a,
  citation-number = {15},
  author = {Ten Brinke, M.M. and Heiney, S.A. and X, Wang and M, Proietti-Onori and HJ, Boele and J, Bakermans and JF, Medina and Z, Gao and CI, Zeeuw},
  title = {Dynamic modulation of activity in cerebellar nuclei neurons during pavlovian eyeblink conditioning in mice},
  volume = {6},
  date = {2017},
  language = {en},
  journal = {Elife}
}
@article{aqrabawi2020a,
  citation-number = {16},
  author = {Aqrabawi, A.J. and Kim, J.C.},
  title = {Olfactory memory representations are stored in the anterior olfactory nucleus},
  volume = {11},
  date = {2020},
  pages = {1–8},

  language = {en},
  journal = {Nature communications},
  number = {1}
}
@article{butler2020a,
  citation-number = {17},
  author = {Butler, C.W. and Wilson, Y.M. and Mills, S.A. and Gunnersen, J.M. and Murphy, M.},
  title = {Evidence that a defined population of neurons in lateral amygdala is directly involved in auditory fear learning and memory, Neurobiol},
  volume = {168},
  date = {2020},
  pages = {107139},
  note = {PubMed] [Google Scholar},
  language = {en},
  journal = {Learn. Mem}
}
@article{josselyn2018a,
  citation-number = {18},
  author = {Josselyn, S.A. and Frankland, P.W.},
  title = {Memory allocation: mechanisms and function, Annu},
  volume = {41},
  date = {2018},
  pages = {389–413},

  language = {en},
  journal = {Rev. Neurosci}
}
@article{josselyn2020a,
  citation-number = {19},
  author = {Josselyn, S.A. and Tonegawa, S.},
  title = {Memory engrams: Recalling the past and imagining the future},
  volume = {367},
  date = {2020},

  language = {en},
  journal = {Science},
  number = {6473}
}
@misc{sun2020a,
  citation-number = {20},
  author = {Sun, X. and Bernstein, M.J. and Meng, M. and Rao, S. and Sørensen, A.T. and Yao, L. and Zhang, X. and Anikeeva, P.O. and Lin, Y.},
  title = {Functionally Distinct Neuronal Ensembles within the Memory Engram, Cell},
  date = {2020},

  language = {en}
}
@article{ramirez2013a,
  citation-number = {21},
  author = {Ramirez, S. and Liu, X. and Lin, P.-A. and Suh, J. and Pignatelli, M. and Redondo, R.L. and Ryan, T.J. and Tonegawa, S.},
  title = {Creating a false memory in the hippocampus},
  volume = {341},
  date = {2013},
  pages = {387–391},
  note = {PubMed] [Google Scholar},
  language = {en},
  journal = {Science},
  number = {6144}
}
@misc{zhang2020a,
  citation-number = {22**},
  author = {Zhang, X. and Kim, J. and Tonegawa, S.},
  title = {Amygdala reward neurons form and store fear extinction memory, Neuron},
  date = {2020},
  note = {PubMed] [Google Scholar},
  language = {en}
}
@article{flores2018a,
  citation-number = {23*},
  author = {Flores, V.L. and Parmet, T. and Mukherjee, N. and Nelson, S. and Katz, D.B. and Levitan, D.},
  title = {The role of the gustatory cortex in incidental experience-evoked enhancement of later taste learning, Learn},
  volume = {25},
  date = {2018},
  pages = {587–600},

  language = {en},
  journal = {Mem},
  number = {11}
}
@article{noudoost2017a,
  citation-number = {24},
  author = {Noudoost, B. and Nategh, N. and Clark, K. and Esteky, H.},
  title = {Stimulus context alters neural representations of faces in inferotemporal cortex},
  volume = {117},
  date = {2017},
  pages = {336–347},

  language = {fr},
  journal = {J. Neurophysiol},
  number = {1}
}
@article{sakata2016a,
  citation-number = {25},
  author = {Sakata, S.},
  title = {State-dependent and cell type-specific temporal processing in auditory thalamocortical circuit, Sci},
  volume = {6},
  date = {2016},
  pages = {1–13},

  language = {en},
  journal = {Rep},
  number = {1}
}
@article{mante2013a,
  citation-number = {26},
  author = {Mante, V. and Sussillo, D. and Shenoy, K.V. and Newsome, W.T.},
  title = {Context-dependent computation by recurrent dynamics in prefrontal cortex},
  volume = {503},
  date = {2013},
  pages = {78–84},

  language = {en},
  journal = {Nature},
  number = {7474}
}
@article{safaai2015a,
  citation-number = {27},
  author = {Safaai, H. and Neves, R. and Eschenko, O. and Logothetis, N.K. and Panzeri, S.},
  title = {Modeling the effect of locus coeruleus firing on cortical state dynamics and single-trial sensory processing},
  volume = {112},
  date = {2015},
  pages = {12834–12839},

  language = {en},
  journal = {Proceedings of the National Academy of Sciences},
  number = {41}
}
@article{ache2019a,
  citation-number = {28*},
  author = {Ache, J.M. and Namiki, S. and Lee, A. and Branson, K. and Card, G.M.},
  title = {State-dependent decoupling of sensory and motor circuits underlies behavioral flexibility in Drosophila, Nat},
  volume = {22},
  date = {2019},
  pages = {1132},

  language = {en},
  journal = {Neurosci},
  number = {7}
}
@article{blankenship2019a,
  citation-number = {29*},
  author = {Blankenship, M.L. and Grigorova, M. and Katz, D.B. and Maier, J.X.},
  title = {Retronasal odor perception requires taste cortex, but orthonasal does not, Curr},
  volume = {29},
  date = {2019},
  pages = {62–69 3},

  language = {es},
  journal = {Biol},
  number = {1}
}
@article{guo2015a,
  citation-number = {30},
  author = {Guo, J.Z. and Graves, A.R. and Guo, W.W. and Zheng, J. and Lee, A. and Rodriguez-Gonzalez, J. and Li, N. and Macklin, J.J. and Phillips, J.W. and Mensh, B.D. and Branson, K. and Hantman, A.W.},
  title = {Cortex commands the performance of skilled movement},
  volume = {4},
  date = {2015},
  pages = {10774},

  language = {en},
  journal = {Elife}
}
@article{sauerbrei2020a,
  citation-number = {31**},
  author = {Sauerbrei, B.A. and Guo, J.-Z. and Cohen, J.D. and Mischiati, M. and Guo, W. and Kabra, M. and Verma, N. and Mensh, B. and Branson, K. and Hantman, A.W.},
  title = {Cortical pattern generation during dexterous movement is input-driven},
  volume = {577},
  date = {2020},
  pages = {386–391},

  language = {en},
  journal = {Nature},
  number = {7790}
}
@article{sugase1999a,
  citation-number = {32},
  author = {Sugase, Y. and Yamane, S. and Ueno, S. and Kawano, K.},
  title = {Global and fine information coded by single neurons in the temporal visual cortex},
  volume = {400},
  date = {1999},
  pages = {869–873},
  note = {PubMed] [Google Scholar},
  language = {pt},
  journal = {Nature},
  number = {6747}
}
@article{baez-santiago2016a,
  citation-number = {33},
  author = {Baez-Santiago, M.A. and Reid, E.E. and Moran, A. and Maier, J.X. and Marrero-Garcia, Y. and Katz, D.B.},
  title = {Dynamic taste responses of parabrachial pontine neurons in awake rats},
  volume = {115},
  date = {2016},
  pages = {1314–1323},

  language = {es},
  journal = {J. Neurophysiol},
  number = {3}
}
@article{fontanini2008a,
  citation-number = {34},
  author = {Fontanini, A. and Katz, D.B.},
  title = {Behavioral states, network states, and sensory response variability},
  volume = {100},
  date = {2008},
  pages = {1160–1168},

  language = {en},
  journal = {J. Neurophysiol},
  number = {3}
}
@article{li2016a,
  citation-number = {35},
  author = {Li, J.X. and Maier, J.X. and Reid, E.E. and Katz, D.B.},
  title = {Sensory cortical activity is related to the selection of a rhythmic motor action pattern},
  volume = {36},
  date = {2016},
  pages = {5596–5607},

  language = {en},
  journal = {J. Neurosci},
  number = {20}
}
@article{li2013a,
  citation-number = {36},
  author = {Li, J.X. and Yoshida, T. and Monk, K.J. and Katz, D.B.},
  title = {Lateral hypothalamus contains two types of palatability-related taste responses with distinct dynamics},
  volume = {33},
  date = {2013},
  pages = {9462–9473},

  language = {en},
  journal = {J. Neurosci},
  number = {22}
}
@article{sadacca2016a,
  citation-number = {37},
  author = {Sadacca, B.F. and Mukherjee, N. and Vladusich, T. and Li, J.X. and Katz, D.B. and Miller, P.},
  title = {The behavioral relevance of cortical neural ensemble responses emerges suddenly},
  volume = {36},
  date = {2016},
  pages = {655–669},

  language = {en},
  journal = {J. Neurosci},
  number = {3}
}
@article{pandarinath2018a,
  citation-number = {38},
  author = {Pandarinath, C. and Ames, K.C. and Russo, A.A. and Farshchian, A. and Miller, L.E. and Dyer, E.L. and Kao, J.C.},
  title = {Latent factors and dynamics in motor cortex and their application to brain–machine interfaces},
  volume = {38},
  date = {2018},
  pages = {9390–9401},

  language = {en},
  journal = {J. Neurosci},
  number = {44}
}
@article{yuste2015a,
  citation-number = {39},
  author = {Yuste, R.},
  title = {From the neuron doctrine to neural networks},
  volume = {16},
  date = {2015},
  pages = {487–497},
  note = {PubMed] [Google Scholar},
  language = {en},
  journal = {Nature reviews neuroscience},
  number = {8}
}
@article{bercovici2018a,
  citation-number = {40**},
  author = {Bercovici, D.A. and Princz-Lebel, O. and Maric, T.T. and Moorman, D.E. and Floresco, S.B.},
  title = {Optogenetic dissection of temporal dynamics of amygdala-striatal interplay during risk/reward decision making},
  volume = {5},
  date = {2018},

  language = {en},
  journal = {Eneuro},
  number = {6}
}
@article{jones2007a,
  citation-number = {41},
  author = {Jones, L.M. and Fontanini, A. and Sadacca, B.F. and Miller, P. and Katz, D.B.},
  title = {Natural stimuli evoke dynamic sequences of states in sensory cortical ensembles},
  volume = {104},
  date = {2007},
  pages = {18772–18777},

  language = {en},
  journal = {Proceedings of the National Academy of Sciences},
  number = {47}
}
@article{mukherjee2019a,
  citation-number = {42**},
  author = {Mukherjee, N. and Wachutka, J. and Katz, D.B.},
  title = {Impact of precisely-timed inhibition of gustatory cortex on taste behavior depends on single-trial ensemble dynamics},
  volume = {8},
  date = {2019},

  language = {en},
  journal = {Elife}
}
@article{jones2006a,
  citation-number = {43},
  author = {Jones, L.M. and Fontanini, A. and Katz, D.B.},
  title = {Gustatory processing: a dynamic systems approach, Curr},
  volume = {16},
  date = {2006},
  pages = {420–428},
  note = {PubMed] [Google Scholar},
  language = {en},
  journal = {Opin. Neurobiol},
  number = {4}
}
@article{camera2019a,
  citation-number = {44},
  author = {G, Camera and A, Fontanini and L, Mazzucato},
  title = {Cortical computations via metastable activity, Curr},
  volume = {58},
  date = {2019},
  pages = {37–45},

  language = {en},
  journal = {Opin. Neurobiol}
}
@misc{miller2016a,
  citation-number = {45},
  author = {Miller, P.},
  title = {Dynamical systems, attractors, and neural circuits, F1000Research 5},
  date = {2016},

  language = {en}
}
