@misc{ames2019a,
  author = {Ames, K.C. and Churchland, M.M.},
  date = {2019},
  title = {Motor cortex signals for each arm are mixed across hemispheres and neurons yet partitioned within the population response Diedrichsen J},
  editor = {Gold, J.I. and Diedrichsen, J. and Machens, C.K.},
  pages = {8 46159},
  language = {en}
}
@misc{antzoulatos2016a,
  author = {Antzoulatos, E.G. and Miller, E.K.},
  date = {2016},
  title = {Synchronous beta rhythms of frontoparietal networks support only behaviorally relevant representations Pasternak T},
  editor = {ed.},
  pages = {5 17822},
  language = {sv}
}
@article{arbab2018a,
  author = {Arbab, T. and Battaglia, F.P. and Pennartz, C.M.A. and Bosman, C.A.},
  date = {2018},
  title = {Abnormal hippocampal theta and gamma hypersynchrony produces network and spike timing disturbances in the Fmr1-KO mouse model of Fragile X syndrome},
  volume = {114},
  pages = {65–73},
  language = {en},
  journal = {Neurobiology of Disease}
}
@misc{arce-mcshane2016a,
  author = {Arce-McShane, F.I. and Ross, C.F. and Takahashi, K. and Sessle, B.J. and Hatsopoulos, N.G.},
  date = {2016},
  title = {Primary motor and sensory cortical areas communicate via spatiotemporally coordinated networks at multiple frequencies},
  url = {PNAS:201600788.},
  language = {en}
}
@article{averbeck2006a,
  author = {Averbeck, B.B. and Latham, P.E. and Pouget, A.},
  date = {2006},
  title = {Neural correlations, population coding and computation},
  volume = {7},
  pages = {358–366},
  language = {fr},
  journal = {Nature Reviews Neuroscience}
}
@article{averbeck2006b,
  author = {Averbeck, B.B. and Sohn, J.-W. and Lee, D.},
  date = {2006},
  title = {Activity in prefrontal cortex during dynamic selection of action sequences},
  volume = {9},
  pages = {276–282},
  language = {en},
  journal = {Nature Neuroscience}
}
@article{baez-santiago2016a,
  author = {Baez-Santiago, M.A. and Reid, E.E. and Moran, A. and Maier, J.X. and Marrero-Garcia, Y. and Katz, D.B.},
  date = {2016},
  title = {Dynamic taste responses of parabrachial pontine neurons in awake rats},
  volume = {115},
  pages = {1314–1323},
  language = {en},
  journal = {Journal of Neurophysiology}
}
@article{bastos2015a,
  author = {Bastos, A.M. and Vezoli, J. and Bosman, C.A. and Schoffelen, J.-M. and Oostenveld, R. and Dowdall, JR, De Weerd and P, Kennedy and H, Fries and P.},
  date = {2015},
  title = {Visual Areas Exert Feedforward and Feedback Influences through Distinct Frequency Channels},
  volume = {85},
  pages = {390–401},
  language = {en},
  journal = {Neuron}
}
@inproceedings{baxter2012a,
  author = {Baxter, M.G. and Croxson, P.L.},
  date = {2012},
  title = {Facing the role of the amygdala in emotional information processing},
  volume = {109},
  pages = {21180–21181},
  language = {en},
  booktitle = {Proceedings of the National Academy of Sciences}
}
@article{bielavska1996a,
  author = {Bielavska, E. and Roldan, G.},
  date = {1996},
  title = {Ipsilateral connections between the gustatory cortex, amygdala and parabrachial nucleus are necessary for acquisition and retrieval of conditioned taste aversion in rats},
  volume = {81},
  pages = {25–31},
  language = {en},
  journal = {Behavioural Brain Research}
}
@article{blei2017a,
  author = {Blei, D.M. and Kucukelbir, A. and McAuliffe, J.D.},
  date = {2017},
  title = {Variational Inference: A Review for Statisticians},
  volume = {112},
  pages = {859–877},
  language = {en},
  journal = {Journal of the American Statistical Association}
}
@misc{brincat2018a,
  author = {Brincat, S.L. and Siegel, M. and von, Nicolai C. and Miller, E.K.},
  date = {2018},
  title = {Gradual progression from sensory to task-related processing in cerebral cortex},
  language = {en},
  type = {PNAS 115:E7202–E7211.}
}
@article{carandini2004a,
  author = {Carandini, M.},
  date = {2004},
  title = {Amplification of Trial-to-Trial Response Variability by Neurons in Visual Cortex},
  volume = {2:e264},
  language = {en},
  journal = {PLOS Biology}
}
@article{clarke1998a,
  author = {Clarke, S.N.D.A. and Ossenkopp, K.-P.},
  date = {1998},
  title = {Taste reactivity responses in rats: influence of sex and the estrous cycle},
  volume = {274:R718–R724},
  language = {en},
  journal = {American Journal of Physiology-Regulatory, Integrative and Comparative Physiology}
}
@article{lorenzo1997a,
  author = {PM, Lorenzo and S, Monroe},
  date = {1997},
  title = {Transfer of information about taste from the nucleus of the solitary tract to the parabrachial nucleus of the pons},
  volume = {763},
  pages = {167–181},
  language = {en},
  journal = {Brain Research}
}
@article{edelman2013a,
  author = {Edelman, G.M. and Gally, J.A.},
  date = {2013},
  title = {Reentry: a key mechanism for integration of brain function},
  volume = {7},
  language = {en},
  journal = {Front Integr Neurosci},
  number = {63}
}
@article{engel2020a,
  author = {Engel, D. and Schütz, A. and Krala, M. and Schwenk, J.C.B. and Morris, A.P. and Bremmer, F.},
  date = {2020},
  title = {Inter-trial phase coherence of visually evoked postural responses in virtual reality},
  volume = {238},
  pages = {1177–1189},
  language = {en},
  journal = {Exp Brain Res}
}
@article{fontanini2009a,
  author = {Fontanini, A. and Grossman, S.E. and Figueroa, J.A. and Katz, D.B.},
  date = {2009},
  title = {Distinct Subtypes of Basolateral Amygdala Taste Neurons Reflect Palatability and Reward},
  volume = {29},
  pages = {2486–2495},
  language = {en},
  journal = {J Neurosci}
}
@article{fontanini2006a,
  author = {Fontanini, A. and Katz, D.B.},
  date = {2006},
  title = {State-Dependent Modulation of Time-Varying Gustatory Responses},
  volume = {96},
  pages = {3183–3193},
  language = {en},
  journal = {Journal of Neurophysiology}
}
@article{fu2020a,
  author = {Fu, J.-Y. and Yu, X.-D. and Zhu, Y. and Xie, S.-Z. and Tang, M.-Y. and Yu, B. and Li, X.-M.},
  date = {2020},
  title = {Whole-Brain Map of Long-Range Monosynaptic Inputs to Different Cell Types in the Amygdala of the Mouse},
  volume = {36},
  pages = {1381–1394},
  language = {en},
  journal = {Neurosci Bull}
}
@article{gal-ben-ari2012a,
  author = {Gal-Ben-Ari, S. and Rosenblum, K.},
  date = {2012},
  title = {Molecular Mechanisms Underlying Memory Consolidation of Taste Information in the Cortex},
  volume = {5},
  note = {Available at:},
  url = {https://www.ncbi.nlm.nih.gov/pmc/articles/PMC3251832/},
  language = {en},
  journal = {Front Behav Neurosci}
}
@article{gat1997a,
  author = {Gat, I. and Tishby, N. and Abeles, M.},
  date = {1997},
  title = {Hidden Markov Modeling of simultaneously recorded cells in the Associative cortex of behaving monkeys},
  volume = {897},
  pages = {297–322},
  language = {en},
  journal = {Network: Comput Neural Syst}
}
@article{glaser2018a,
  author = {Glaser, J.I. and Perich, M.G. and Ramkumar, P. and Miller, L.E. and Kording, K.P.},
  date = {2018},
  title = {Population coding of conditional probability distributions in dorsal premotor cortex},
  volume = {9},
  pages = {1–14},
  language = {en},
  journal = {Nature Communications}
}
@article{grabska-barwi2017a,
  author = {Grabska-Barwińska, A. and Barthelmé, S. and Beck, J. and Mainen, Z.F. and Pouget, A. and Latham, P.E.},
  date = {2017},
  title = {A probabilistic approach to demixing odors},
  volume = {20},
  pages = {98–106},
  language = {fr},
  journal = {Nature Neuroscience}
}
@article{grossman2008a,
  author = {Grossman, S.E. and Fontanini, A. and Wieskopf, J.S. and Katz, D.B.},
  date = {2008},
  title = {Learning-Related Plasticity of Temporal Coding in Simultaneously Recorded Amygdala–Cortical Ensembles},
  volume = {28},
  pages = {2864–2873},
  language = {en},
  journal = {J Neurosci}
}
@article{haley2016a,
  author = {Haley, M.S. and Fontanini, A. and Maffei, A.},
  date = {2016},
  title = {Laminar- and Target-Specific Amygdalar Inputs in Rat Primary Gustatory Cortex},
  volume = {36},
  pages = {2623–2637},
  language = {it},
  journal = {J Neurosci}
}
@article{heidari-gorji2021a,
  author = {Heidari-Gorji, H. and Ebrahimpour, R. and Zabbah, S.},
  date = {2021},
  title = {A temporal hierarchical feedforward model explains both the time and the accuracy of object recognition},
  volume = {11},
  language = {en},
  journal = {Sci Rep},
  number = {5640}
}
@article{jones2006a,
  author = {Jones, L.M. and Fontanini, A. and Katz, D.B.},
  date = {2006},
  title = {Gustatory processing: a dynamic systems approach},
  volume = {16},
  pages = {420–428},
  language = {en},
  journal = {Current Opinion in Neurobiology}
}
@article{jones2007a,
  author = {Jones, L.M. and Fontanini, A. and Sadacca, B.F. and Miller, P. and Katz, D.B.},
  date = {2007},
  title = {Natural stimuli evoke dynamic sequences of states in sensory cortical ensembles},
  volume = {104},
  pages = {18772–18777},
  language = {es},
  journal = {PNAS}
}
@article{katz2001a,
  author = {Katz, D.B. and Simon, S.A. and Nicolelis, M.A.L.},
  date = {2001},
  title = {Dynamic and Multimodal Responses of Gustatory Cortical Neurons in Awake Rats},
  volume = {21},
  pages = {4478–4489},
  language = {it},
  journal = {J Neurosci}
}
@article{kayyal2019a,
  author = {Kayyal, H. and Yiannakas, A. and Chandran, S.K. and Khamaisy, M. and Sharma, V. and Rosenblum, K.},
  date = {2019},
  title = {Activity of Insula to Basolateral Amygdala Projecting Neurons is Necessary and Sufficient for Taste Valence Representation},
  volume = {39},
  pages = {9369–9382},
  language = {en},
  journal = {J Neurosci}
}
@inproceedings{kietzmann2019a,
  author = {Kietzmann, T.C. and Spoerer, C.J. and Sörensen, L.K.A. and Cichy, R.M. and Hauk, O. and Kriegeskorte, N.},
  date = {2019},
  title = {Recurrence is required to capture the representational dynamics of the human visual system},
  volume = {116},
  pages = {21854–21863},
  language = {en},
  booktitle = {Proceedings of the National Academy of Sciences}
}
@article{kisley1999a,
  author = {Kisley, M.A. and Gerstein, G.L.},
  date = {1999},
  title = {Trial-to-trial variability and state-dependent modulation of auditory-evoked responses in cortex},
  volume = {19},
  pages = {10451–10460},
  language = {en},
  journal = {J Neurosci}
}
@article{kotekal2020a,
  author = {Kotekal, S. and MacLean, J.N.},
  date = {2020},
  title = {Recurrent interactions can explain the variance in single trial responses},
  volume = {16:e1007591},
  language = {en},
  journal = {PLOS Computational Biology}
}
@incollection{kramer2020a,
  author = {Kramer, M.A. and Eden, U.T.},
  date = {2020},
  title = {Analysis of Coupled Rhythms},
  language = {en},
  booktitle = {Case Studies in Neural Data Analysis}
}
@misc{kucukelbir2016a,
  author = {Kucukelbir, A. and Tran, D. and Ranganath, R. and Gelman, A. and Blei, D.M.},
  date = {2016},
  title = {Automatic Differentiation Variational Inference},
  note = {arXiv:160300788 [cs, stat] Available at:},
  url = {http://arxiv.org/abs/1603.00788},
  language = {en}
}
@article{camera2019a,
  author = {G, Camera and A, Fontanini and L, Mazzucato},
  date = {2019},
  title = {Cortical computations via metastable activity},
  volume = {58},
  pages = {37–45},
  language = {en},
  journal = {Curr Opin Neurobiol}
}
@article{lara2018a,
  author = {Lara, A.H. and Cunningham, J.P. and Churchland, M.M.},
  date = {2018},
  title = {Different population dynamics in the supplementary motor area and motor cortex during reaching},
  volume = {9},
  pages = {1–16},
  language = {en},
  journal = {Nature Communications}
}
@article{latimer2015a,
  author = {Latimer, K.W. and Yates, J.L. and Meister, M.L.R. and Huk, A.C. and Pillow, J.W.},
  date = {2015},
  title = {Single-trial spike trains in parietal cortex reveal discrete steps during decision-making},
  volume = {349},
  pages = {184–187},
  language = {en},
  journal = {Science}
}
@article{lavi2018a,
  author = {Lavi, K. and Jacobson, G.A. and Rosenblum, K. and Lüthi, A.},
  date = {2018},
  title = {Encoding of Conditioned Taste Aversion in Cortico-Amygdala Circuits},
  volume = {24},
  pages = {278–283},
  language = {en},
  journal = {Cell Reports}
}
@article{li2016a,
  author = {Li, J.X. and Maier, J.X. and Reid, E.E. and Katz, D.B.},
  date = {2016},
  title = {Sensory Cortical Activity Is Related to the Selection of a Rhythmic Motor Action Pattern},
  volume = {36},
  pages = {5596–5607},
  language = {en},
  journal = {J Neurosci}
}
@article{li2013a,
  author = {Li, J.X. and Yoshida, T. and Monk, K.J. and Katz, D.B.},
  date = {2013},
  title = {Lateral Hypothalamus Contains Two Types of Palatability-Related Taste Responses with Distinct Dynamics},
  volume = {33},
  pages = {9462–9473},
  language = {en},
  journal = {J Neurosci}
}
@article{lin2011a,
  author = {Lin, J.-Y. and Arthurs, J. and Reilly, S.},
  date = {2011},
  title = {Role of the insular cortex in morphine-induced conditioned taste avoidance},
  volume = {1384},
  pages = {80–88},
  language = {en},
  journal = {Brain Research}
}
@article{lin2015a,
  author = {Lin, J.-Y. and Arthurs, J. and Reilly, S.},
  date = {2015},
  title = {Gustatory insular cortex, aversive taste memory and taste neophobia},
  volume = {119},
  pages = {77–84},
  language = {en},
  journal = {Neurobiology of Learning and Memory}
}
@article{lin2018a,
  author = {Lin, J.-Y. and Arthurs, J. and Reilly, S.},
  date = {2018},
  title = {The effects of amygdala and cortical inactivation on taste neophobia},
  volume = {155},
  pages = {322–329},
  language = {en},
  journal = {Neurobiology of Learning and Memory}
}
@misc{lin2021a,
  author = {Lin, J.-Y. and Mukherjee, N. and Bernstein, M.J. and Katz, D.B.},
  date = {2021},
  title = {Perturbation of amygdala-cortical projections reduces ensemble coherence of palatability coding in gustatory cortex Schoenbaum G},
  editor = {Wassum, K.M.},
  volume = {eLife 10:e65766},
  language = {en}
}
@article{lin2012a,
  author = {Lin, J.-Y. and Reilly, S.},
  date = {2012},
  title = {Amygdala–gustatory insular cortex connections and taste neophobia},
  volume = {235},
  pages = {182–188},
  language = {en},
  journal = {Behavioural Brain Research}
}
@article{litwin-kumar2012a,
  author = {Litwin-Kumar, A. and Doiron, B.},
  date = {2012},
  title = {Slow dynamics and high variability in balanced cortical networks with clustered connections},
  volume = {15},
  pages = {1498–1505},
  language = {en},
  journal = {Nat Neurosci}
}
@article{lovaglio2010a,
  author = {Lovaglio, J. and Lin, J.-Y. and Roman, C. and Reilly, S.},
  date = {2010},
  title = {Basolateral amygdala and morphine-induced taste avoidance in the rat},
  volume = {99},
  pages = {419–423},
  language = {en},
  journal = {Physiology & Behavior}
}
@article{lundqvist2020a,
  author = {Lundqvist, M. and Bastos, A.M. and Miller, E.K.},
  date = {2020},
  title = {Preservation and Changes in Oscillatory Dynamics across the Cortical Hierarchy},
  volume = {32},
  pages = {2024–2035},
  language = {it},
  journal = {J Cogn Neurosci}
}
@article{maass2007a,
  author = {Maass, W. and Joshi, P. and Sontag, E.D.},
  date = {2007},
  title = {Computational Aspects of Feedback in Neural Circuits},
  volume = {3:e165},
  language = {en},
  journal = {PLOS Computational Biology}
}
@article{mante2013a,
  author = {Mante, V. and Sussillo, D. and Shenoy, K.V. and Newsome, W.T.},
  date = {2013},
  title = {Context-dependent computation by recurrent dynamics in prefrontal cortex},
  volume = {503},
  pages = {78–84},
  language = {fr},
  journal = {Nature}
}
@article{markov2014a,
  author = {Markov, N.T. and Vezoli, J. and Chameau, P. and Falchier, A. and Quilodran, R. and Huissoud, C. and Lamy, C. and Misery, P. and Giroud, P. and Ullman, S. and Barone, P. and Dehay, C. and Knoblauch, K. and Kennedy, H.},
  date = {2014},
  title = {Anatomy of hierarchy: Feedforward and feedback pathways in macaque visual cortex},
  volume = {522},
  pages = {225–259},
  language = {en},
  journal = {Journal of Comparative Neurology}
}
@article{martinet2017a,
  author = {Martinet, L.-E. and Fiddyment, G. and Madsen, JR, Eskandar and EN, Truccolo and W, Eden and UT, Cash and SS, Kramer and M.A.},
  date = {2017},
  title = {Human seizures couple across spatial scales through travelling wave dynamics},
  volume = {8},
  language = {en},
  journal = {Nat Commun},
  number = {14896}
}
@article{mazzucato2015a,
  author = {Mazzucato, L. and Fontanini, A. and Camera, G.L.},
  date = {2015},
  title = {Dynamics of Multistable States during Ongoing and Evoked Cortical Activity},
  volume = {35},
  pages = {8214–8231},
  language = {en},
  journal = {J Neurosci}
}
@article{mcdonald1998a,
  author = {McDonald, A.J.},
  date = {1998},
  title = {Cortical pathways to the mammalian amygdala},
  volume = {55},
  pages = {257–332},
  language = {en},
  journal = {Progress in Neurobiology}
}
@article{miller2010a,
  author = {Miller, P. and Katz, D.B.},
  date = {2010},
  title = {Stochastic Transitions between Neural States in Taste Processing and Decision-Making},
  volume = {30},
  pages = {2559–2570},
  language = {en},
  journal = {J Neurosci}
}
@article{miller2013a,
  author = {Miller, P. and Katz, D.B.},
  date = {2013},
  title = {Accuracy and response-time distributions for decision-making: linear perfect integrators versus nonlinear attractor-based neural circuits},
  volume = {35},
  pages = {261–294},
  language = {en},
  journal = {J Comput Neurosci}
}
@article{moran2014a,
  author = {Moran, A. and Katz, D.B.},
  date = {2014},
  title = {Sensory Cortical Population Dynamics Uniquely Track Behavior across Learning and Extinction},
  volume = {34},
  pages = {1248–1257},
  language = {en},
  journal = {J Neurosci}
}
@misc{mukherjee2017a,
  author = {Mukherjee, N. and Wachutka, J. and Katz, D.B.},
  date = {2017},
  title = {Python meets systems neuroscience: affordable, scalable and open-source electrophysiology in awake, behaving rodents},
  url = {:8.},
  language = {en}
}
@misc{mukherjee2019a,
  author = {Mukherjee, N. and Wachutka, J. and Katz, D.B.},
  date = {2019},
  title = {Impact of precisely-timed inhibition of gustatory cortex on taste behavior depends on single-trial ensemble dynamics Colgin LL},
  editor = {Maffei, A. and Maffei, A. and Ghazanfar, A.A. and Verhagen, J. and Mazzucato, L.},
  pages = {8 45968},
  language = {en}
}
@article{parras2017a,
  author = {Parras, G.G. and Nieto-Diego, J. and Carbajal, G.V. and Valdés-Baizabal, C. and Escera, C. and Malmierca, M.S.},
  date = {2017},
  title = {Neurons along the auditory pathway exhibit a hierarchical organization of prediction error},
  volume = {8},
  language = {en},
  journal = {Nat Commun},
  number = {2148}
}
@book{paxinos2007a,
  author = {Paxinos, G.},
  date = {2007},
  title = {The Rat Brain in Stereotaxic Coordinates},
  publisher = {Elsevier Inc},
  language = {en},
  address = {Burlington MA}
}
@misc{pedregosa2011a,
  author = {Pedregosa, F. and Varoquaux, G. and Gramfort, A. and Michel, V. and Thirion, B. and Grisel, O. and Blondel, M. and Prettenhofer, P. and Weiss, R. and Dubourg, V. and Vanderplas, J. and Passos, A. and Cournapeau, D. and Brucher, M. and Perrot, M. and Duchesnay, É.},
  date = {2011},
  note = {Scikit-learn: Machine Learning in Python. J Mach Learn Res 12:2825–2830.},
  language = {en}
}
@article{peixoto2021a,
  author = {Peixoto, D. and Verhein, JR, Kiani and R, Kao and JC, Nuyujukian and P, Chandrasekaran and C, Brown and J, Fong and S, Ryu and SI, Shenoy and KV, Newsome and W.T.},
  date = {2021},
  title = {Decoding and perturbing decision states in real time},
  volume = {591},
  pages = {604–609},
  language = {en},
  journal = {Nature}
}
@article{piette2012a,
  author = {Piette, C.E. and Baez-Santiago, M.A. and Reid, E.E. and Katz, D.B. and Moran, A.},
  date = {2012},
  title = {Inactivation of Basolateral Amygdala Specifically Eliminates Palatability-Related Information in Cortical Sensory Responses},
  volume = {32},
  pages = {9981–9991},
  language = {en},
  journal = {J Neurosci}
}
@article{place2016a,
  author = {Place, R. and Farovik, A. and Brockmann, M. and Eichenbaum, H.},
  date = {2016},
  title = {Bidirectional prefrontal-hippocampal interactions support context-guided memory},
  volume = {19},
  pages = {992–994},
  language = {fr},
  journal = {Nature Neuroscience}
}
@article{press1990a,
  author = {Press, W.H. and Teukolsky, S.A.},
  date = {1990},
  title = {Savitzky-Golay Smoothing Filters},
  volume = {4},
  language = {en},
  journal = {Comput Phys},
  number = {669}
}
@inproceedings{rabiner1989a,
  author = {Rabiner, L.R.},
  date = {1989},
  title = {A Tutorial on Hidden Markov Models and Selected Applications in Speech Recognition},
  language = {en},
  booktitle = {Proceedings of the IEEE 77}
}
@article{raichle2015a,
  author = {Raichle, M.E.},
  date = {2015},
  title = {The Brain’s Default Mode Network},
  volume = {38},
  pages = {433–447},
  language = {en},
  journal = {Annual Review of Neuroscience}
}
@article{recanatesi2022a,
  author = {Recanatesi, S. and Pereira-Obilinovic, U. and Murakami, M. and Mainen, Z. and Mazzucato, L.},
  date = {2022},
  title = {Metastable attractors explain the variable timing of stable behavioral action sequences},
  volume = {110},
  pages = {139–153},
  language = {en},
  journal = {Neuron}
}
@article{sadacca2016a,
  author = {Sadacca, B.F. and Mukherjee, N. and Vladusich, T. and Li, J.X. and Katz, D.B. and Miller, P.},
  date = {2016},
  title = {The Behavioral Relevance of Cortical Neural Ensemble Responses Emerges Suddenly},
  volume = {36},
  pages = {655–669},
  language = {es},
  journal = {J Neurosci}
}
@article{sadacca2012a,
  author = {Sadacca, B.F. and Rothwax, J.T. and Katz, D.B.},
  date = {2012},
  title = {Sodium Concentration Coding Gives Way to Evaluative Coding in Cortex and Amygdala},
  volume = {32},
  pages = {9999–10011},
  language = {fr},
  journal = {J Neurosci}
}
@article{salvatier2016a,
  author = {Salvatier, J. and Wiecki, T.V. and Fonnesbeck, C.},
  date = {2016},
  title = {Probabilistic programming in Python using PyMC3},
  volume = {2:e55},
  language = {it},
  journal = {PeerJ Comput Sci}
}
@misc{saravani2019a,
  author = {Saravani, A.G. and Forseth, K.J. and Tandon, N. and Pitkow, X.},
  date = {2019},
  title = {Dynamic Brain Interactions during Picture Naming},
  note = {eNeuro 6 Available at:},
  url = {https://www.eneuro.org/content/6/4/ENEURO.0472-18.2019},
  language = {en}
}
@article{schneidman2006a,
  author = {Schneidman, E. and Berry Ii, M.J. and Segev, R. and Bialek, W.},
  date = {2006},
  title = {Weak pairwise correlations imply strongly correlated network states in a neural population},
  volume = {440},
  pages = {1007–1012},
  language = {en},
  journal = {Nature}
}
@article{seidemann1996a,
  author = {Seidemann, E. and Meilijson, I. and Abeles, M. and Bergman, H. and Vaadia, E.},
  date = {1996},
  title = {Simultaneously recorded single units in the frontal cortex go through sequences of discrete and stable states in monkeys performing a delayed localization task},
  volume = {16},
  pages = {752–768},
  language = {en},
  journal = {J Neurosci}
}
@article{seitzman2019a,
  author = {Seitzman, B.A. and Snyder, A.Z. and Leuthardt, E.C. and Shimony, J.S.},
  date = {2019},
  title = {The State of Resting State Networks},
  volume = {28},
  pages = {189–196},
  language = {en},
  journal = {Top Magn Reson Imaging}
}
@article{shadlen1994a,
  author = {Shadlen, M.N. and Newsome, W.T.},
  date = {1994},
  title = {Noise, neural codes and cortical organization},
  volume = {4},
  pages = {569–579},
  language = {fr},
  journal = {Current Opinion in Neurobiology}
}
@article{shadlen1998a,
  author = {Shadlen, M.N. and Newsome, W.T.},
  date = {1998},
  title = {The Variable Discharge of Cortical Neurons: Implications for Connectivity, Computation, and Information Coding},
  volume = {18},
  pages = {3870–3896},
  language = {en},
  journal = {J Neurosci}
}
@article{shi1998a,
  author = {Shi, C.-J. and Cassell, M.D.},
  date = {1998},
  title = {Cortical, thalamic, and amygdaloid connections of the anterior and posterior insular cortices},
  volume = {399},
  pages = {440–468},
  language = {en},
  journal = {The Journal of Comparative Neurology}
}
@article{siegel2015a,
  author = {Siegel, M. and Buschman, T.J. and Miller, E.K.},
  date = {2015},
  title = {Cortical information flow during flexible sensorimotor decisions},
  volume = {348},
  pages = {1352–1355},
  language = {en},
  journal = {Science}
}
@article{siegel2008a,
  author = {Siegel, M. and Donner, T.H. and Oostenveld, R. and Fries, P. and Engel, A.K.},
  date = {2008},
  title = {Neuronal Synchronization along the Dorsal Visual Pathway Reflects the Focus of Spatial Attention},
  volume = {60},
  pages = {709–719},
  language = {en},
  journal = {Neuron}
}
@article{stitt2017a,
  author = {Stitt, I. and Hollensteiner, K.J. and Galindo-Leon, E. and Pieper, F. and Fiedler, E. and Stieglitz, T. and Engler, G. and Nolte, G. and Engel, A.K.},
  date = {2017},
  title = {Dynamic reconfiguration of cortical functional connectivity across brain states},
  volume = {7},
  language = {en},
  journal = {Scientific Reports},
  number = {8797}
}
@article{sugase1999a,
  author = {Sugase, Y. and Yamane, S. and Ueno, S. and Kawano, K.},
  date = {1999},
  title = {Global and fine information coded by single neurons in the temporal visual cortex},
  volume = {400},
  pages = {869–873},
  language = {en},
  journal = {Nature}
}
@article{supp2011a,
  author = {Supp, G.G. and Siegel, M. and Hipp, J.F. and Engel, A.K.},
  date = {2011},
  title = {Cortical Hypersynchrony Predicts Breakdown of Sensory Processing during Loss of Consciousness},
  volume = {21},
  pages = {1988–1993},
  language = {en},
  journal = {Current Biology}
}
@article{travers1986a,
  author = {Travers, J.B. and Norgren, R.},
  date = {1986},
  title = {Electromyographic analysis of the ingestion and rejection of sapid stimuli in the rat},
  volume = {100},
  pages = {544–555},
  language = {en},
  journal = {Behavioral Neuroscience}
}
@article{vallat2018a,
  author = {Vallat, R.},
  date = {2018},
  title = {Pingouin: statistics in Python},
  volume = {3},
  language = {en},
  journal = {Journal of Open Source Software},
  number = {1026}
}
@article{p2020a,
  author = {P, Virtanen},
  date = {2020},
  title = {SciPy 1.0: fundamental algorithms for scientific computing in Python},
  volume = {17},
  pages = {261–272},
  language = {pt},
  journal = {Nat Methods}
}
@article{yamamoto2008a,
  author = {Yamamoto, T.},
  date = {2008},
  title = {Central mechanisms of taste: Cognition, emotion and taste-elicited behaviors},
  volume = {44},
  pages = {91–99},
  language = {en},
  journal = {Japanese Dental Science Review}
}
@article{yates2017a,
  author = {Yates, J.L. and Park, I.M. and Katz, L.N. and Pillow, J.W. and Huk, A.C.},
  date = {2017},
  title = {Functional dissection of signal and noise in MT and LIP during decision-making},
  volume = {20},
  pages = {1285–1292},
  language = {en},
  journal = {Nat Neurosci}
}
@article{zandvakili2015a,
  author = {Zandvakili, A. and Kohn, A.},
  date = {2015},
  title = {Coordinated Neuronal Activity Enhances Corticocortical Communication},
  volume = {87},
  pages = {827–839},
  language = {fr},
  journal = {Neuron}
}
@article{zareian2020a,
  author = {Zareian, B. and Maboudi, K. and Daliri, M.R. and Abrishami Moghaddam, H. and Treue, S. and Esghaei, M.},
  date = {2020},
  title = {Attention strengthens across-trial pre-stimulus phase coherence in visual cortex, enhancing stimulus processing},
  volume = {10},
  language = {en},
  journal = {Scientific Reports},
  number = {4837}
}
@article{zielinski2019a,
  author = {Zielinski, M.C. and Shin, J.D. and Jadhav, S.P.},
  date = {2019},
  title = {Coherent Coding of Spatial Position Mediated by Theta Oscillations in the Hippocampus and Prefrontal Cortex},
  volume = {39},
  pages = {4550–4565},
  language = {en},
  journal = {J Neurosci}
}
