@article{livneh2020a,
  author = {Livneh, Y. and Sugden, A.U. and Madara, J.C. and Essner, R.A. and Flores, VI, Sugden and L.A.},
  title = {Estimation of current and future physiological states in insular cortex},
  volume = {105},
  doi = {10.1016/j.neuron.2019.12.027},
  date = {2020},
  pages = {1094–111},
  language = {en},
  journal = {- DOI - PMC},
  number = {6},
  address = {PubMed}
}
@article{parker1982a,
  author = {Parker, L.A.},
  title = {Nonconsummatory and consummatory behavioral CRs elicited by lithium-and amphetamine-paired flavors},
  volume = {13},
  date = {1982},
  pages = {281–303},
  language = {en},
  journal = {Learn Motiv},
  number = {3}
}
@article{nachman1963a,
  author = {Nachman, M.},
  title = {Learned aversion to the taste of lithium chloride and generalization to other salts},
  volume = {56},
  pages = {–},
  date = {1963},
  language = {en},
  journal = {J Comp Physiol Psychol},
  number = {2}
}
@article{nachman1973a,
  author = {Nachman, M. and Ashe, J.H.},
  title = {Learned taste aversions in rats as a function of dosage, concentration, and route of administration of LiCl},
  volume = {10},
  pages = {10 1016 0031–9384 73 90089–9 – –},
  date = {1973},
  language = {fr},
  journal = {Physiol Behav},
  number = {1}
}
@article{loefhede2010a,
  author = {Löfhede, J. and Thordstein, M. and Löfgren, N. and Flisberg, A. and Rosa-Zurera, M. and Kjellmer, I.},
  title = {Automatic classification of background EEG activity in healthy and sick neonates},
  volume = {7},
  pages = {10 1088 1741–2560 7 1 016007 – –},
  date = {2010},
  language = {en},
  journal = {J Neural Eng},
  number = {1}
}
@inproceedings{li-a,
  editor = {Li, M. and Lu, B.-L.},
  title = {Emotion classification based on gamma-band EEG},
  pages = {–},
  language = {en},
  booktitle = {Engineering in Medicine and Biology Society, 2009 EMBC 2009 Annual International Conference of the IEEE; 2009: IEEE}
}
@article{okonogi2018a,
  author = {Okonogi, T. and Nakayama, R. and Sasaki, T. and Ikegaya, Y.},
  title = {Characterization of Peripheral Activity States and Cortical Local Field Potentials of Mice in an Elevated Plus Maze Test},
  volume = {12},
  doi = {10.3389/fnbeh.2018.00062},
  date = {2018},
  language = {en},
  journal = {- DOI - PMC},
  number = {62},
  address = {PubMed}
}
@article{kelly2010a,
  author = {Kelly, R.C. and Smith, M.A. and Kass, R.E. and Lee, T.S.},
  title = {Local field potentials indicate network state and account for neuronal response variability},
  volume = {29},
  doi = {10.1007/s10827-009-0208-9},
  date = {2010},
  pages = {567–579},
  language = {en},
  journal = {- DOI - PMC},
  number = {3},
  address = {PubMed}
}
@article{aubert1999a,
  author = {Aubert, A.},
  title = {Sickness and behaviour in animals: a motivational perspective},
  volume = {23},
  pages = {10 1016 0149–7634 99 00034–2 – –},
  date = {1999},
  language = {en},
  journal = {Neurosci Biobehav Rev},
  number = {7}
}
@article{aubert2005a,
  author = {Aubert, A. and Dantzer, R.},
  title = {The taste of sickness: lipopolysaccharide-induced finickiness in rats},
  volume = {84},
  doi = {10.1016/j.physbeh.2005.01.006},
  date = {2005},
  pages = {437–444},
  language = {en},
  journal = {- DOI},
  number = {3},
  address = {PubMed}
}
@article{provenza1995a,
  author = {Provenza, F.D.},
  title = {Postingestive feedback as an elementary determinant of food preference and intake in ruminants},
  volume = {48},
  date = {1995},
  pages = {2–17},
  language = {en},
  journal = {Rangel Ecol Manag/J Range Manag Archives},
  number = {1}
}
@article{garcia1974a,
  author = {Garcia, J. and Hankins, W.G. and Rusiniak, K.W.},
  title = {Behavioral regulation of the milieu interne in man and rat},
  volume = {185},
  doi = {10.1126/science.185.4154.824},
  date = {1974},
  pages = {824–831},
  language = {en},
  journal = {- DOI},
  number = {4154},
  address = {PubMed}
}
@article{flores2018a,
  author = {Flores, V.L. and Parmet, T. and Mukherjee, N. and Nelson, S. and Katz, D.B. and Levitan, D.},
  title = {The role of the gustatory cortex in incidental experience-evoked enhancement of later taste learning},
  volume = {25},
  doi = {10.1101/lm.048181.118},
  date = {2018},
  pages = {587–600},
  language = {en},
  journal = {- DOI - PMC},
  number = {11},
  address = {PubMed}
}
@article{lin2014a,
  author = {Lin, J.-Y. and Arthurs, J. and Reilly, S.},
  title = {Conditioned taste aversion, drugs of abuse and palatability},
  volume = {45},
  doi = {10.1016/j.neubiorev.2014.05.001},
  date = {2014},
  pages = {28–45},
  language = {en},
  journal = {- DOI - PMC},
  address = {PubMed}
}
@article{cloutier2017a,
  author = {Cloutier, C.J. and Kavaliers, M. and Ossenkopp, K.-P.},
  title = {Rodent sex differences in disgust behaviors (anticipatory nausea) conditioned to a context associated with the effects of the toxin LiCl: Inhibition of conditioning following immune stimulation with lipopolysaccharide},
  volume = {152},
  doi = {10.1016/j.pbb.2016.08.006},
  date = {2017},
  pages = {4–12},
  language = {en},
  journal = {- DOI - PubMed}
}
@article{cloutier2012a,
  author = {Cloutier, C.J. and Kavaliers, M. and Ossenkopp, K.-P.},
  title = {Lipopolysaccharide inhibits the simultaneous establishment of LiCl-induced anticipatory nausea and intravascularly conditioned taste avoidance in the rat},
  volume = {232},
  doi = {10.1016/j.bbr.2012.04.021},
  date = {2012},
  pages = {278–286},
  language = {en},
  journal = {- DOI},
  number = {1},
  address = {PubMed}
}
@article{cloutier2012b,
  author = {Cloutier, C.J. and Rodowa, M.-S. and Cross-Mellor, S.K. and Chan, M.Y. and Kavaliers, M. and Ossenkopp, K.-P.},
  title = {Inhibition of LiCl-induced conditioning of anticipatory nausea in rats following immune system stimulation: comparing the immunogens lipopolysaccharide, muramyl dipeptide, and polyinosinic: polycytidylic acid},
  volume = {106},
  doi = {10.1016/j.physbeh.2012.02.005},
  note = {- DOI - PubMed},
  date = {2012},
  pages = {243–251},
  language = {en},
  journal = {Physiol Behav},
  number = {2}
}
@article{zhang2021a,
  author = {Zhang, C. and Kaye, J.A. and Cai, Z. and Wang, Y. and Prescott, S.L. and Liberles, S.D.},
  title = {Area postrema cell types that mediate nausea-associated behaviors},
  volume = {109},
  doi = {10.1016/j.neuron.2020.11.010},
  date = {2021},
  pages = {461–72},
  language = {en},
  journal = {- DOI - PMC},
  number = {3},
  address = {PubMed}
}
@article{nachman1975a,
  author = {Nachman, M. and Hartley, P.L.},
  title = {Role of illness in producing learned taste aversions in rats: A comparison of several rodenticides},
  volume = {89},
  doi = {10.1037/h0077189},
  date = {1975},
  language = {en},
  journal = {- DOI},
  number = {9},
  address = {PubMed}
}
@article{ching2014a,
  author = {Ching, S. and Brown, E.N.},
  title = {Modeling the dynamical effects of anesthesia on brain circuits},
  volume = {25},
  doi = {10.1016/j.conb.2013.12.011},
  date = {2014},
  pages = {116–122},
  language = {en},
  journal = {- DOI - PMC},
  address = {PubMed}
}
@article{cimenser2011a,
  author = {Cimenser, A. and Purdon, P.L. and Pierce, E.T. and Walsh, J.L. and Salazar-Gomez, A.F. and Harrell, P.G.},
  title = {Tracking brain states under general anesthesia by using global coherence analysis},
  volume = {108},
  doi = {10.1073/pnas.1017041108},
  date = {2011},
  pages = {8832–8837},
  language = {en},
  journal = {- DOI - PMC - PubMed},
  number = {21}
}
@article{olcese2018a,
  author = {Olcese, U. and Oude Lohuis, M.N. and Pennartz, C.},
  title = {Sensory processing across conscious and nonconscious brain states: from single neurons to distributed networks for inferential representation},
  volume = {12},
  doi = {10.3389/fnsys.2018.00049},
  date = {2018},
  language = {en},
  journal = {- DOI - PMC},
  number = {49},
  address = {PubMed}
}
@article{lee2012a,
  author = {Lee, S.-H. and Dan, Y.},
  title = {Neuromodulation of brain states},
  volume = {76},
  doi = {10.1016/j.neuron.2012.09.012},
  date = {2012},
  pages = {209–222},
  language = {en},
  journal = {- DOI - PMC},
  number = {1},
  address = {PubMed}
}
@article{canolty2012a,
  author = {Canolty, R.T. and Ganguly, K. and Carmena, J.M.},
  title = {Task-dependent changes in cross-level coupling between single neurons and oscillatory activity in multiscale networks},
  volume = {8},
  doi = {10.1371/journal.pcbi.1002809},
  date = {2012},
  language = {en},
  journal = {- DOI - PMC},
  number = {12},
  address = {PubMed}
}
@article{fontanini2005a,
  author = {Fontanini, A. and Katz, D.B.},
  title = {7 to 12 Hz activity in rat gustatory cortex reflects disengagement from a fluid self-administration task},
  volume = {93},
  doi = {10.1152/jn.01035.2004},
  date = {2005},
  pages = {2832–2840},
  language = {en},
  journal = {- DOI},
  number = {5},
  address = {PubMed}
}
@article{fontanini2006a,
  author = {Fontanini, A. and Katz, D.B.},
  title = {State-dependent modulation of time-varying gustatory responses},
  volume = {96},
  doi = {10.1152/jn.00804.2006},
  date = {2006},
  pages = {3183–3193},
  language = {en},
  journal = {- DOI},
  number = {6},
  address = {PubMed}
}
@article{towers-a,
  author = {Towers, A.E. and York, J.M. and Baynard, T. and Gainey, S.J. and Freund, G.G.},
  title = {Mouse testing methods in psychoneuroimmunology 2.0: measuring behavioral responses},
  volume = {2018},
  pages = {10 1007 978–1–4939–7828–1 13 – –},
  language = {en},
  journal = {Psychoneuroimmunology: Springer},
  number = {221–258}
}
@article{kent1992a,
  author = {Kent, S. and Bluthé, R.-M. and Kelley, K.W. and Dantzer, R.},
  title = {Sickness behavior as a new target for drug development},
  volume = {13},
  pages = {10 1016 0165–6147 92 90012– – –},
  date = {1992},
  language = {en},
  journal = {Trends Pharmacol Sci},
  number = {24–28}
}
@misc{mukherjee2017a,
  author = {Mukherjee, N. and Wachutka, J. and Katz, D.B.},
  title = {Python meets systems neuroscience: affordable, scalable and open-source electrophysiology in awake, behaving rodents},
  date = {2017},
  language = {en}
}
@book{katz-a,
  author = {Katz, D. and Simon, S. and Nicolelis, M.},
  title = {Electrophysiological studies of gustation in awake rats. Methods and frontiers in the chemical senses},
  publisher = {Simon SA},
  editor = {editors.},
  volume = {2001},
  pages = {339–57},
  language = {en},
  address = {Nicolelis MAL}
}
@article{katz2001a,
  author = {Katz, D.B. and Simon, S. and Nicolelis, M.A.},
  title = {Dynamic and multimodal responses of gustatory cortical neurons in awake rats},
  volume = {21},
  doi = {10.1523/JNEUROSCI.21-12-04478.2001},
  date = {2001},
  pages = {4478–4489},
  language = {en},
  journal = {- DOI - PMC},
  number = {12},
  address = {PubMed}
}
@article{sadacca2016a,
  author = {Sadacca, B.F. and Mukherjee, N. and Vladusich, T. and Li, J.X. and Katz, D.B. and Miller, P.},
  title = {The behavioral relevance of cortical neural ensemble responses emerges suddenly},
  volume = {36},
  doi = {10.1523/JNEUROSCI.2265-15.2016},
  date = {2016},
  pages = {655–669},
  language = {en},
  journal = {- DOI - PMC},
  number = {3},
  address = {PubMed}
}
@article{grossman2008a,
  author = {Grossman, S.E. and Fontanini, A. and Wieskopf, J.S. and Katz, D.B.},
  title = {Learning-related plasticity of temporal coding in simultaneously recorded amygdala–cortical ensembles},
  volume = {28},
  doi = {10.1523/JNEUROSCI.4063-07.2008},
  date = {2008},
  pages = {2864–2873},
  language = {en},
  journal = {- DOI - PMC},
  number = {11},
  address = {PubMed}
}
@article{levitan2019a,
  author = {Levitan, D. and Lin, J.-Y. and Wachutka, J. and Mukherjee, N. and Nelson, S.B. and Katz, D.B.},
  title = {Single and population coding of taste in the gustatory cortex of awake mice},
  volume = {122},
  doi = {10.1152/jn.00357.2019},
  date = {2019},
  pages = {1342–1356},
  language = {en},
  journal = {- DOI - PMC},
  number = {4},
  address = {PubMed}
}
@article{moran2014a,
  author = {Moran, A. and Katz, D.B.},
  title = {Sensory cortical population dynamics uniquely track behavior across learning and extinction},
  volume = {34},
  doi = {10.1523/JNEUROSCI.3331-13.2014},
  date = {2014},
  pages = {1248–1257},
  language = {en},
  journal = {- DOI - PMC},
  number = {4},
  address = {PubMed}
}
@article{sadacca2012a,
  author = {Sadacca, B.F. and Rothwax, J.T. and Katz, D.B.},
  title = {Sodium concentration coding gives way to evaluative coding in cortex and amygdala},
  volume = {32},
  doi = {10.1523/JNEUROSCI.6059-11.2012},
  date = {2012},
  pages = {9999–10011},
  language = {en},
  journal = {- DOI - PMC},
  number = {29},
  address = {PubMed}
}
@article{spector1988a,
  author = {Spector, A.C. and Grill, H.J.},
  title = {Differences in the taste quality of maltose and sucrose in rats: issues involving the generalization of conditioned taste aversions},
  volume = {13},
  date = {1988},
  pages = {95–113},
  language = {en},
  journal = {Chem Senses},
  number = {1}
}
@article{samuelsen2012a,
  author = {Samuelsen, C.L. and Gardner, M.P. and Fontanini, A.},
  title = {Effects of cue-triggered expectation on cortical processing of taste},
  volume = {74},
  doi = {10.1016/j.neuron.2012.02.031},
  date = {2012},
  pages = {410–422},
  language = {en},
  journal = {- DOI - PMC},
  number = {2},
  address = {PubMed}
}
@article{smith1971a,
  author = {Smith, J.C.},
  title = {Radiation: Its detection and its effects on taste preferences},
  volume = {4},
  date = {1971},
  pages = {53–118},
  language = {en},
  journal = {Prog Physiol Psychol}
}
@article{cross-mellor2009a,
  author = {Cross-Mellor, S.K. and Foley, K.A. and Parker, L.A. and Ossenkopp, K.-P.},
  title = {Lipopolysaccharide dose dependently impairs rapid toxin (LiCl)-induced gustatory conditioning: a taste reactivity examination of the conditioned taste aversion},
  volume = {23},
  doi = {10.1016/j.bbi.2008.09.006},
  date = {2009},
  pages = {204–216},
  language = {en},
  journal = {- DOI},
  number = {2},
  address = {PubMed}
}
@article{tort2010a,
  author = {Tort, A.B. and Fontanini, A. and Kramer, M.A. and Jones-Lush, L.M. and Kopell, N.J. and Katz, D.B.},
  title = {Cortical networks produce three distinct 7–12 Hz rhythms during single sensory responses in the awake rat},
  volume = {30},
  doi = {10.1523/JNEUROSCI.6051-09.2010},
  date = {2010},
  pages = {4315–4324},
  language = {en},
  journal = {- DOI - PMC},
  number = {12},
  address = {PubMed}
}
@article{tort2010b,
  author = {Tort, A.B. and Komorowski, R. and Eichenbaum, H. and Kopell, N.},
  title = {Measuring phase-amplitude coupling between neuronal oscillations of different frequencies},
  volume = {104},
  doi = {10.1152/jn.00106.2010},
  date = {2010},
  pages = {1195–1210},
  language = {en},
  journal = {- DOI - PMC},
  number = {2},
  address = {PubMed}
}
@article{thomson1991a,
  author = {Thomson, D.J.},
  title = {Jackknife error estimates for spectra, coherences, and transfer functions},
  date = {1991},
  pages = {58–113},
  language = {en},
  journal = {Advances in Spectral Analysis and Array Processing}
}
@article{salvatier2016a,
  author = {Salvatier, J. and Wiecki, T.V. and Fonnesbeck, C.},
  title = {Probabilistic programming in Python using PyMC3},
  volume = {2:e55},
  date = {2016},
  language = {it},
  journal = {PeerJ Comput Sci}
}
@article{jones2007a,
  author = {Jones, L.M. and Fontanini, A. and Sadacca, B.F. and Miller, P. and Katz, D.B.},
  title = {Natural stimuli evoke dynamic sequences of states in sensory cortical ensembles},
  volume = {104},
  doi = {10.1073/pnas.0705546104},
  date = {2007},
  pages = {18772–18777},
  language = {en},
  journal = {- DOI - PMC},
  number = {47},
  address = {PubMed}
}
@article{gutierrez2010a,
  author = {Gutierrez, R. and Simon, S.A. and Nicolelis, M.A.},
  title = {Licking-induced synchrony in the taste–reward circuit improves cue discrimination during learning},
  volume = {30},
  doi = {10.1523/JNEUROSCI.0855-09.2010},
  date = {2010},
  pages = {287–303},
  language = {en},
  journal = {- DOI - PMC},
  number = {1},
  address = {PubMed}
}
@article{stapleton2006a,
  author = {Stapleton, JR, Lavine and ML, Wolpert and RL, Nicolelis and MA, Simon and S.A.},
  title = {Rapid taste responses in the gustatory cortex during licking},
  volume = {26},
  doi = {10.1523/JNEUROSCI.0092-06.2006},
  date = {2006},
  pages = {4126–4138},
  language = {en},
  journal = {- DOI - PMC},
  number = {15},
  address = {PubMed}
}
@article{graham2014a,
  author = {Graham, D.M. and Sun, C. and Hill, D.L.},
  title = {Temporal signatures of taste quality driven by active sensing},
  volume = {34},
  doi = {10.1523/JNEUROSCI.0213-14.2014},
  date = {2014},
  pages = {7398–7411},
  language = {en},
  journal = {- DOI - PMC},
  number = {22},
  address = {PubMed}
}
@article{bouaichi2020a,
  author = {Bouaichi, C.G. and Vincis, R.},
  title = {Cortical processing of chemosensory and hedonic features of taste in active licking mice},
  volume = {123},
  doi = {10.1152/jn.00069.2020},
  date = {2020},
  pages = {1995–2009},
  language = {en},
  journal = {- DOI - PMC},
  number = {5},
  address = {PubMed}
}
@article{dikecligil2020a,
  author = {Dikecligil, G.N. and Graham, D.M. and Park, I.M. and Fontanini, A.},
  title = {Layer-and cell Type-Specific response properties of gustatory cortex neurons in awake mice},
  volume = {40},
  doi = {10.1523/JNEUROSCI.1579-19.2020},
  date = {2020},
  pages = {9676–9691},
  language = {en},
  journal = {- DOI - PMC},
  number = {50},
  address = {PubMed}
}
@article{li2016a,
  author = {Li, J.X. and Maier, J.X. and Reid, E.E. and Katz, D.B.},
  title = {Sensory cortical activity is related to the selection of a rhythmic motor action pattern},
  volume = {36},
  doi = {10.1523/JNEUROSCI.3949-15.2016},
  date = {2016},
  pages = {5596–5607},
  language = {en},
  journal = {- DOI - PMC},
  number = {20},
  address = {PubMed}
}
@article{nicolelis1997a,
  author = {Nicolelis, M.A. and Lin, R.C. and Chapin, J.K.},
  title = {Neonatal whisker removal reduces the discrimination of tactile stimuli by thalamic ensembles in adult rats},
  volume = {78},
  doi = {10.1152/jn.1997.78.3.1691},
  date = {1997},
  pages = {1691–1706},
  language = {en},
  journal = {- DOI},
  number = {3},
  address = {PubMed}
}
@article{piette2012a,
  author = {Piette, C.E. and Baez-Santiago, M.A. and Reid, E.E. and Katz, D.B. and Moran, A.},
  title = {Inactivation of basolateral amygdala specifically eliminates palatability-related information in cortical sensory responses},
  volume = {32},
  doi = {10.1523/JNEUROSCI.0669-12.2012},
  date = {2012},
  pages = {9981–9991},
  language = {en},
  journal = {- DOI - PMC},
  number = {29},
  address = {PubMed}
}
@article{li2013a,
  author = {Li, J.X. and Yoshida, T. and Monk, K.J. and Katz, D.B.},
  title = {Lateral hypothalamus contains two types of palatability-related taste responses with distinct dynamics},
  volume = {33},
  doi = {10.1523/JNEUROSCI.3935-12.2013},
  date = {2013},
  pages = {9462–9473},
  language = {en},
  journal = {- DOI - PMC},
  number = {22},
  address = {PubMed}
}
@article{fontanini2009a,
  author = {Fontanini, A. and Grossman, S.E. and Figueroa, J.A. and Katz, D.B.},
  title = {Distinct subtypes of basolateral amygdala taste neurons reflect palatability and reward},
  volume = {29},
  doi = {10.1523/JNEUROSCI.3898-08.2009},
  date = {2009},
  pages = {2486–2495},
  language = {en},
  journal = {- DOI - PMC},
  number = {8},
  address = {PubMed}
}
@article{nicolelis2003a,
  author = {Nicolelis, M.A. and Dimitrov, D. and Carmena, J.M. and Crist, R. and Lehew, G. and Kralik, J.D.},
  title = {Chronic, multisite, multielectrode recordings in macaque monkeys},
  volume = {100},
  doi = {10.1073/pnas.1934665100},
  date = {2003},
  pages = {11041–11046},
  language = {en},
  journal = {- DOI - PMC},
  number = {19},
  address = {PubMed}
}
@article{herry2008a,
  author = {Herry, C. and Ciocchi, S. and Senn, V. and Demmou, L. and Müller, C. and Lüthi, A.},
  title = {Switching on and off fear by distinct neuronal circuits},
  volume = {454},
  doi = {10.1038/nature07166},
  date = {2008},
  pages = {600–606},
  language = {en},
  journal = {- DOI},
  number = {7204},
  address = {PubMed}
}
@misc{athey2019a,
  author = {Athey, T.L. and Vogelstein, J.T.},
  title = {AutoGMM: Automatic Gaussian Mixture Modeling in Python},
  note = {arXiv preprint arXiv:190902688.},
  date = {2019},
  language = {en}
}
@article{mukamel2014a,
  author = {Mukamel, E.A. and Pirondini, E. and Babadi, B. and Wong, K.F.K. and Pierce, E.T. and Harrell, P.G.},
  title = {A transition in brain state during propofol-induced unconsciousness},
  volume = {34},
  doi = {10.1523/JNEUROSCI.5813-12.2014},
  date = {2014},
  pages = {839–845},
  language = {en},
  journal = {- DOI - PMC},
  number = {3},
  address = {PubMed}
}
@article{ab2015a,
  author = {Abásolo, D. and Simons, S. and Silva, R. and Tononi, G. and Vyazovskiy, VV},
  title = {Lempel-Ziv complexity of cortical activity during sleep and waking in rats},
  volume = {113},
  doi = {10.1152/jn.00575.2014},
  date = {2015},
  pages = {2742–2752},
  language = {en},
  journal = {- DOI - PMC},
  number = {7},
  address = {PubMed}
}
@article{manning2009a,
  author = {Manning, JR, Jacobs and J, Fried and I, Kahana and M.J.},
  title = {Broadband shifts in local field potential power spectra are correlated with single-neuron spiking in humans},
  volume = {29},
  doi = {10.1523/JNEUROSCI.2041-09.2009},
  date = {2009},
  pages = {13613–13620},
  language = {en},
  journal = {- DOI - PMC},
  number = {43},
  address = {PubMed}
}
@article{fontanini2008a,
  author = {Fontanini, A. and Katz, D.B.},
  title = {Behavioral states, network states, and sensory response variability},
  volume = {100},
  doi = {10.1152/jn.90592.2008},
  date = {2008},
  pages = {1160–1168},
  language = {en},
  journal = {- DOI - PMC},
  number = {3},
  address = {PubMed}
}
@article{vijayan2013a,
  author = {Vijayan, S. and Ching, S. and Purdon, P.L. and Brown, E.N. and Kopell, N.J.},
  title = {Thalamocortical mechanisms for the anteriorization of alpha rhythms during propofol-induced unconsciousness},
  volume = {33},
  doi = {10.1523/JNEUROSCI.5670-12.2013},
  date = {2013},
  pages = {11070–11075},
  language = {en},
  journal = {- DOI - PMC},
  number = {27},
  address = {PubMed}
}
@article{waldert2013a,
  author = {Waldert, S. and Lemon, R.N. and Kraskov, A.},
  title = {Influence of spiking activity on cortical local field potentials},
  volume = {591},
  doi = {10.1113/jphysiol.2013.258228},
  date = {2013},
  pages = {5291–5303},
  language = {en},
  journal = {- DOI - PMC},
  number = {21},
  address = {PubMed}
}
@article{pachitariu2015a,
  author = {Pachitariu, M. and Lyamzin, D.R. and Sahani, M. and Lesica, N.A.},
  title = {State-dependent population coding in primary auditory cortex},
  volume = {35},
  doi = {10.1523/JNEUROSCI.3318-14.2015},
  date = {2015},
  pages = {2058–2073},
  language = {en},
  journal = {- DOI - PMC},
  number = {5},
  address = {PubMed}
}
@article{zhou2014a,
  author = {Zhou, M. and Liang, F. and Xiong, X.R. and Li, L. and Li, H. and Xiao, Z.},
  title = {Scaling down of balanced excitation and inhibition by active behavioral states in auditory cortex},
  volume = {17},
  doi = {10.1038/nn.3701},
  date = {2014},
  pages = {841–850},
  language = {en},
  journal = {- DOI - PMC},
  number = {6},
  address = {PubMed}
}
@article{tan2014a,
  author = {Tan, A.Y. and Chen, Y. and Scholl, B. and Seidemann, E. and Priebe, N.J.},
  title = {Sensory stimulation shifts visual cortex from synchronous to asynchronous states},
  volume = {509},
  doi = {10.1038/nature13159},
  date = {2014},
  pages = {226–229},
  language = {en},
  journal = {- DOI - PMC},
  number = {7499},
  address = {PubMed}
}
@article{zucca2019a,
  author = {Zucca, S. and Pasquale, V. and Leon Roig, P.L. and Panzeri, S. and Fellin, T.},
  title = {Thalamic drive of cortical parvalbumin-positive interneurons during down states in anesthetized mice},
  volume = {29},
  doi = {10.1016/j.cub.2019.04.007},
  date = {2019},
  pages = {1481–90},
  language = {en},
  journal = {- DOI - PMC},
  number = {9},
  address = {PubMed}
}
@article{parker2004a,
  author = {Parker, L.A. and Kwiatkowska, M. and Burton, P. and Mechoulam, R.},
  title = {Effect of cannabinoids on lithium-induced vomiting in the Suncus murinus (house musk shrew},
  volume = {171},
  pages = {10 1007 00213–003–1571–2 – –},
  date = {2004},
  language = {en},
  journal = {Psychopharmacology},
  number = {2}
}
@article{tomasiewicz2006a,
  author = {Tomasiewicz, H.C. and Mague, S.D. and Cohen, B.M. and WA, Jr, Carlezon},
  title = {Behavioral effects of short-term administration of lithium and valproic acid in rats},
  volume = {1093},
  pages = {10 1016 2006 03 102 – –},
  date = {2006},
  language = {en},
  journal = {Brain Res},
  number = {1}
}
@article{l2019a,
  author = {López, M. and Dwyer, D.M. and Gasalla, P.},
  title = {Conditioned hedonic responses elicited by contextual cues paired with nausea or with internal pain},
  volume = {133},
  doi = {10.1037/bne0000291},
  date = {2019},
  language = {en},
  journal = {- DOI},
  number = {1},
  address = {PubMed}
}
@article{smith1978a,
  author = {Smith, D.},
  title = {Learned aversion and rearing movement in rats given LiCl, PbCl 2 or NaCl},
  volume = {34},
  doi = {10.1007/BF01922956},
  date = {1978},
  pages = {1200–1201},
  language = {en},
  journal = {- DOI},
  number = {9},
  address = {PubMed}
}
@article{grill1978a,
  author = {Grill, H.J. and Norgren, R.},
  title = {The taste reactivity test. II. Mimetic responses to gustatory stimuli in chronic thalamic and chronic decerebrate rats},
  volume = {143},
  pages = {10 1016 0006–8993 78 90569–3 – –},
  date = {1978},
  language = {en},
  journal = {Brain Res},
  number = {2}
}
@article{grill1978b,
  author = {Grill, H.J. and Norgren, R.},
  title = {The taste reactivity test. I. Mimetic responses to gustatory stimuli in neurologically normal rats},
  volume = {143},
  pages = {10 1016 0006–8993 78 90568–1 – –},
  date = {1978},
  language = {en},
  journal = {Brain Res},
  number = {2}
}
@article{shadlen1994a,
  author = {Shadlen, M.N. and Newsome, W.T.},
  title = {Noise, neural codes and cortical organization},
  volume = {4},
  pages = {10 1016 0959–4388 94 90059–0 – –},
  date = {1994},
  language = {pt},
  journal = {Curr Opin Neurobiol},
  number = {4}
}
@article{shadlen1998a,
  author = {Shadlen, M.N. and Newsome, W.T.},
  title = {The variable discharge of cortical neurons: implications for connectivity, computation, and information coding},
  volume = {18},
  doi = {10.1523/JNEUROSCI.18-10-03870.1998},
  date = {1998},
  pages = {3870–3896},
  language = {en},
  journal = {- DOI - PMC},
  number = {10},
  address = {PubMed}
}
@article{chen2010a,
  author = {Chen, Y.-C. and Duann, J.-R. and Chuang, S.-W. and Lin, C.-L. and Ko, L.-W. and Jung, T.-P.},
  title = {Spatial and temporal EEG dynamics of motion sickness},
  volume = {49},
  doi = {10.1016/j.neuroimage.2009.10.005},
  date = {2010},
  pages = {2862–2870},
  language = {en},
  journal = {- DOI},
  number = {3},
  address = {PubMed}
}
@article{aguilar-rivera2020a,
  author = {Aguilar-Rivera, M. and Kim, S. and Coleman, T.P. and Maldonado, P.E. and Torrealba, F.},
  title = {Interoceptive insular cortex participates in sensory processing of gastrointestinal malaise and associated behaviors},
  volume = {10},
  pages = {– –},
  date = {2020},
  language = {pt},
  journal = {Sci Rep},
  number = {1}
}
@article{alves2005a,
  author = {Alves, R. and Carvalho, J.G.B. and Benedito, M.A.C.},
  title = {High and low rearing subgroups of rats selected in the open field differ in the activity of K+-stimulated p-nitrophenylphosphatase in the hippocampus},
  volume = {1058},
  doi = {10.1016/j.brainres.2005.08.005},
  date = {2005},
  pages = {178–182},
  language = {en},
  journal = {- DOI},
  number = {1–2},
  address = {PubMed}
}
@article{rosana2012a,
  author = {Rosana, A. and Campana, M.A. and V.},
  title = {High-and low-rearing rats differ in the brain excitability controlled by the allosteric benzodiazepine site in the GABA A receptor},
  volume = {2012},
  date = {2012},
  language = {en},
  journal = {Behav Brain Sci}
}
@article{aston-jones1981a,
  author = {Aston-Jones, G. and Bloom, F.},
  title = {Activity of norepinephrine-containing locus coeruleus neurons in behaving rats anticipates fluctuations in the sleep-waking cycle},
  volume = {1},
  doi = {10.1523/JNEUROSCI.01-08-00876.1981},
  date = {1981},
  pages = {876–886},
  language = {en},
  journal = {- DOI - PMC},
  number = {8},
  address = {PubMed}
}
@article{rojas-l2014a,
  author = {Rojas-Líbano, D. and Frederick, D.E. and Egaña, J.I. and Kay, L.M.},
  title = {The olfactory bulb theta rhythm follows all frequencies of diaphragmatic respiration in the freely behaving rat},
  volume = {8},
  doi = {10.3389/fnbeh.2014.00214},
  date = {2014},
  language = {en},
  journal = {- DOI - PMC},
  number = {214},
  address = {PubMed}
}
@article{oglieve2017a,
  author = {Oglieve, C.J. and Mohammadpour, M. and Rahnejat, H.},
  title = {Optimisation of the vehicle transmission and the gear-shifting strategy for the minimum fuel consumption and the minimum nitrogen oxide emissions},
  volume = {231},
  date = {2017},
  pages = {883–899},
  language = {en},
  journal = {Proc Inst Mech Eng D},
  number = {7}
}
@book{horn2006a,
  author = {C, Horn},
  title = {Steady state and transient efficiencies of a four cylinder direct injection diesel engine for implementation in a hybrid electric vehicle},
  publisher = {University of Akron},
  date = {2006},
  language = {fr}
}
@article{arieli2022a,
  author = {Arieli, E. and Younis, N. and Moran, A.},
  title = {Distinct progressions of neuronal activity changes underlie the formation and consolidation of a gustatory associative memory},
  volume = {42},
  doi = {10.1523/JNEUROSCI.1599-21.2021},
  date = {2022},
  pages = {909–921},
  language = {en},
  journal = {- DOI - PMC},
  number = {5},
  address = {PubMed}
}
@article{spector1988b,
  author = {Spector, A.C. and Breslin, P. and Grill, H.J.},
  title = {Taste reactivity as a dependent measure of the rapid formation of conditioned taste aversion: a tool for the neural analysis of taste-visceral associations},
  volume = {102},
  pages = {10 1037 0735–7044 102 6 942 – –},
  date = {1988},
  language = {en},
  journal = {Behav Neurosci},
  number = {6}
}
@article{baird2005a,
  author = {Baird, J.-P. and John, S.J. and Nguyen, E.A.-N.},
  title = {Temporal and qualitative dynamics of conditioned taste aversion processing: combined generalization testing and licking microstructure analysis},
  volume = {119},
  pages = {10 1037 0735–7044 119 4 983 – –},
  date = {2005},
  language = {en},
  journal = {Behav Neurosci},
  number = {4}
}
@article{eckel1996a,
  author = {Eckel, L.A. and Ossenkopp, K.-P.},
  title = {Area postrema mediates the formation of rapid, conditioned palatability shifts in lithium-treated rats},
  volume = {110},
  pages = {–},
  date = {1996},
  language = {en},
  journal = {Behav Neurosci},
  number = {1}
}
@article{shapiro1985a,
  author = {Shapiro, R.E. and Miselis, R.R.},
  title = {The central neural connections of the area postrema of the rat},
  volume = {234},
  doi = {10.1002/cne.902340306},
  date = {1985},
  pages = {344–364},
  language = {en},
  journal = {- DOI},
  number = {3},
  address = {PubMed}
}
@article{spencer2012a,
  author = {Spencer, C.M. and Eckel, L.A. and Nardos, R. and Houpt, T.A.},
  title = {Area postrema lesions attenuate LiCl-induced c-Fos expression correlated with conditioned taste aversion learning},
  volume = {105},
  doi = {10.1016/j.physbeh.2011.08.022},
  date = {2012},
  pages = {151–160},
  language = {en},
  journal = {- DOI - PMC},
  number = {2},
  address = {PubMed}
}
@incollection{mukherjee-a,
  author = {Mukherjee, N. and Wachutka, J. and Katz, D.B.},
  title = {Dynamical Structure of Cortical Taste Responses Revealed by Precisely-timed Optogenetic Perturbation},
  language = {en},
  booktitle = {CHEMICAL SENSES; 2018: OXFORD UNIV PRESS GREAT CLARENDON ST, OXFORD OX2 6DP},
  address = {ENGLAND}
}
@article{geran2006a,
  author = {Geran, L.C. and Travers, S.P.},
  title = {Single neurons in the nucleus of the solitary tract respond selectively to bitter taste stimuli},
  volume = {96},
  doi = {10.1152/jn.00607.2006},
  date = {2006},
  pages = {2513–2527},
  language = {en},
  journal = {- DOI},
  number = {5},
  address = {PubMed}
}
